2065 2927
581 113 860 153 CAPUT
940 110 1430 150 SECUNDUM.
1837 118 1905 155 137

106 234 136 257 „
165 206 265 243 niam
297 205 359 242 lux
388 200 549 240 veritatis
578 198 614 236 se
641 199 677 236 se
705 197 826 247 posset
855 196 1059 235 effundere.
1090 198 1187 235 Cum
1220 197 1333 245 igitur
1349 191 1512 231 Sabaria
1542 190 1646 229 sedes
1674 190 1786 228 suerit
1813 192 1905 229 Pro-

108 297 138 318 „
168 268 334 306 consulis
360 293 372 312 ‚
412 261 655 308 Praesidisque
693 261 896 298 Pannoniae
936 261 1180 311 Superioris,
1223 261 1260 295 in
1295 270 1406 306 quam
1443 255 1686 303 negotiorum
1715 253 1822 290 causa
1858 266 1902 290 ex

105 359 135 380 „
167 329 345 368 omnibus
373 324 586 364 Provinciae
621 323 720 360 locis
757 324 931 360 homines
967 323 1173 361 convenire
1214 320 1444 371 oportebat,
1483 329 1648 364 cumque
1687 317 1903 365 emporium

68 410 74 415 ·
106 421 137 442 „
165 393 277 431 fuerit
305 390 420 427 totius
448 387 617 436 regionis
649 388 892 436 primarium,
923 389 1049 435 itaque
1077 385 1313 431 incolarum,
1343 383 1382 420 ὁ(
1409 380 1636 418 advenarum
1664 377 1905 416 multitudine

102 482 133 503 ,‚
164 454 367 500 refertum,
397 463 441 487 ac
469 448 572 501 juxta
599 449 866 498 Apostolicam
896 450 1133 499 disciplinam
1163 444 1431 484 constituendae
1457 441 1677 493 Episcopali
1707 440 1905 485 Cathedrae

107 544 137 566 „
170 516 279 566 plane
308 525 600 564 opportunum3
639 513 734 548 nihil
770 513 847 561 est,
885 512 1135 561 quamobrem
1174 509 1365 546 fundatam
1395 508 1473 544 illic
1502 519 1521 542 a
1550 506 1682 556 primis
1721 506 1759 541 in
1789 505 1907 554 Supe-

105 606 135 628 „
165 579 269 614 riore
296 577 491 615 Pannonia
521 575 716 623 Evangelii
745 576 974 624 preconibus
1004 575 1131 613 sedem
1159 572 1399 610 Pontificiam
1432 582 1624 618 negemus.
1650 597 1679 616 „
1716 568 1815 605 Huic
1850 580 1908 604 ar-

110 651 321 688 gumento,
360 652 407 677 ex
446 641 597 686 antiqua
626 637 804 675 Ecclesiae
833 638 1054 675 Christianae
1083 636 1282 685 disciplina
1311 634 1433 684 petito
1459 661 1471 681 ,
1510 629 1701 681 subjungit
1735 629 1904 668 laudatus

103 702 251 741 Auelor
279 702 379 738 aliud
409 715 453 739 ex
480 701 586 739 Actis
616 702 651 738 S.
681 700 833 749 Quirini
861 700 1021 737 Sabaria:
1051 700 1137 751 paffi
1168 711 1325 738 erutum.
1364 698 1516 746 Nempe
1551 697 1688 732 horum
1716 694 1901 731 Astorum

106 765 282 814 Scriptor
311 765 568 818 Anonymus,
599 763 662 810 qui
690 762 826 800 saeculo
857 762 1173 800 Constantiniano
1211 760 1339 798 vixiffe
1367 758 1557 806 creditur,
1594 767 1747 802 narrat3
1783 769 1904 806 prope

107 826 237 863 lotum
266 826 374 863 illum
392 855 403 874 ,
434 827 496 863 ubi
526 825 653 863 beatus
684 823 856 880 Quirinus
883 836 959 862 erat
986 825 1221 872 submerth
1251 824 1471 861 Oratorium
1499 835 1518 858 a
1548 820 1770 858 Christianis
1798 819 1902 857 fuiffe

105 889 385 936 constru&um,
415 890 535 937 ipsum
565 901 656 926 vero
686 900 824 936 corpus
853 891 890 923 in
919 888 1075 926 Bafilica
1102 887 1148 924 ad
1179 885 1640 936 portam'Scarbantinam
1669 883 1903 933 depositum,

104 965 183 1000 quo
214 964 348 1000 magna
375 952 544 987 fidelium
573 949 775 987 multitudo
804 949 1022 988 devotionis
1052 952 1158 987 causa
1185 950 1390 987 convenire
1418 948 1570 985 solebat.
1599 947 1709 984 Unde
1736 949 1838 983 hunc
1864 947 1901 982 in

102 1013 263 1052 modum
292 1014 355 1051 ille
381 1014 525 1061 arguit:
559 1041 587 1061 „
607 1012 763 1050 Basilica
791 1014 897 1060 haeC,
926 1014 1072 1062 inquit,
1101 1026 1182 1061 quae
1210 1025 1350 1061 magno
1375 1011 1506 1062 populi
1529 1010 1713 1047 concursu
1731 1008 1904 1056 frequen·

104 1106 135 1127 „
166 1077 326 1115 tabatur:
358 1076 560 1114 numeroso
589 1077 717 1124 utique
748 1077 987 1115 Clericorum
1017 1076 1226 1114 ministerio
1254 1076 1402 1125 provisa
1430 1073 1527 1110 haud
1556 1073 1667 1110 dubie
1696 1072 1767 1110 fuit
1788 1102 1800 1122 ,
1840 1085 1903 1110 ne·

105 1168 137 1189 ‚,
169 1154 240 1188 que
269 1139 452 1177 credibile
482 1139 559 1187 est,
600 1148 682 1177 eam
719 1138 815 1176 sedis
844 1141 1087 1191 Episcopalis
1125 1150 1349 1177 ornamento
1392 1137 1616 1174 destitutam.
1655 1166 1684 1185 „
1731 1136 1902 1174 Eandem

105 1202 363 1254 conjecturam
394 1203 604 1239 firmaturus
634 1215 775 1240 novum
806 1202 999 1253 depromit
1027 1215 1289 1253 argumentum
1332 1215 1376 1238 ex
1405 1202 1493 1240 Vita
1522 1202 1558 1238 S.
1588 1198 1754 1237 Martini
1781 1201 1904 1237 Turo-

101 1267 270 1302 nensium
300 1266 486 1315 Epilcopi
515 1278 533 1301 a
562 1264 720 1316 Sulpicio
749 1265 881 1303 Severo
909 1268 1135 1318 conscripta.
1165 1266 1224 1304 Ibi
1251 1266 1351 1302 enim
1381 1264 1576 1302 memoriae
1605 1262 1799 1312 proditum
1828 1262 1903 1310 est,

103 1340 150 1366 eo
181 1340 377 1377 tempore,
407 1341 484 1375 quo
513 1325 546 1364 S.
563 1325 758 1365 Martinus
785 1328 946 1366 redierat
972 1328 1196 1377 Sabariam,
1226 1327 1358 1366 urbem
1386 1329 1482 1364 hanc
1511 1326 1613 1376 peste
1633 1326 1772 1363 Ariana
1799 1324 1903 1364 fuiffe

97 1391 298 1438 int'eetam,
336 1403 380 1427 ac
407 1391 596 1440 praecipue
634 1390 736 1426 urbis
775 1388 947 1438 ejusdem
980 1392 1207 1429 Sacerdotes
1235 1391 1454 1428 Arianisnto
1495 1388 1695 1441 laborasse:
1737 1402 1820 1425 nam
1863 1389 1902 1426 hi

109 1452 146 1491 S.
176 1451 388 1490 [Wartinum
415 1454 502 1501 ipsis
531 1452 785 1490 adversantem
814 1454 910 1491 adeo
938 1455 1092 1503 indigne
1121 1456 1348 1502 trae‘mrunt,
1379 1465 1419 1490 ut
1446 1453 1561 1501 virgis
1591 1453 1724 1489 casum
1764 1466 1783 1489 e
1811 1452 1903 1488 civi-

110 1526 183 1552 tate
212 1515 434 1563 expulerint.
465 1514 564 1550 Cum
593 1515 734 1561 igitur,
764 1517 886 1561 inquit
914 1517 1002 1564 ille,
1033 1530 1052 1554 e
1081 1514 1239 1566 Sulpicio
1268 1527 1412 1552 certum
1443 1516 1509 1563 sit,
1539 1515 1765 1552 Sacerdotes
1793 1515 1903 1552 Aria-

103 1588 173 1612 nos
203 1587 291 1611 tunc
321 1575 505 1623 temporis
533 1574 708 1612 habitasse
738 1574 925 1625 Sabaria,
965 1590 1130 1626 cumque
1157 1577 1291 1614 Ariani
1319 1578 1537 1627 Episcopos
1573 1578 1642 1614 suae
1670 1578 1775 1614 secc'tae
1806 1579 1902 1615 mul·

98 1639 272 1686 tiplicare
302 1637 590 1685 consueverint,
627 1637 856 1676 censendum
886 1640 960 1690 est,
1000 1642 1111 1678 etiam
1139 1640 1179 1678 in
1215 1642 1286 1678 hac
1326 1652 1400 1678 tam
1442 1641 1616 1691 praeclara
1663 1639 1753 1677 urbe
1794 1641 1899 1678 suum

103 1698 176 1735 illis
206 1700 442 1748 Episcopum
473 1711 549 1735 non
577 1698 741 1738 defuisse.

275 1761 343 1797 His
381 1761 572 1810 praemiffis
612 1762 713 1801 idem
742 1766 824 1802 RR.
855 1762 1027 1817 Salagius
1064 1767 1140 1816 ipsa
1177 1765 1273 1805 adeo
1314 1766 1468 1803 nomina
1507 1768 1775 1805 nonnullorum
1805 1768 1899 1819 Epi-

98 1823 303 1872 scoporum
332 1823 586 1874 Arianorum,
628 1826 692 1873 qui
729 1824 889 1865 Sslbariae
916 1829 1146 1876 resederint,
1183 1843 1311 1868 eruere
1339 1841 1508 1867 conatur.
1549 1859 1577 1878 „
1608 1830 1707 1868 inter
1736 1832 1896 1881 Episco-

98 1914 128 1936 υ
158 1877 229 1935 ροὃ
258 1886 430 1940 lllyrici,
460 1887 606 1937 inquit,
645 1889 706 1936 qui
744 1900 916 1940 tempore
945 1891 1092 1945 Synodi
1121 1893 1368 1931 Ariminenlis
1396 1905 1520 1942 partes
1548 1894 1779 1931 Arianorum
1807 1908 1897 1944 pro—

97 1976 126 1996 „
156 1949 401 1998 pugnabant,
431 1950 667 1988 recensentur
695 1953 861 2001 Valens,
892 1955 1094 2003 Vrsacius,
1126 1956 1343 1993 Germinius
1363 1984 1374 2003 ,
1405 1953 1549 2005 Gajus,
1578 1955 1826 2006 Migdonius,
1856 1958 1895 1996 ὃ(

75 1999 125 2059 N„
157 2011 357 2060 ‚legalius
387 2012 525 2048 Valens
554 2014 812 2063 Mursensem,
840 2017 1014 2054 Ursacius
1031 2017 1370 2066 Singidunensem,
1394 2019 1612 2056 Germinius
1634 2019 1896 2068 Sirmiensem,

88 2080 123 2121 '‚,
153 2072 270 2125 Gajus
309 2074 545 2112 Cibalensem
588 2077 862 2128 Episcopatum
897 2079 1077 2118 tenebat:
1117 2078 1311 2133 Migdonii
1338 2109 1350 2128 ,
1393 2081 1433 2119 ἃ
1482 2079 1648 2133 Megasti
1700 2081 1805 2120 sedes
1852 2083 1892 2118 in

93 2163 123 2185 ‚,
152 2135 311 2191 Illyrico
340 2138 503 2179 incertae,
539 2139 677 2175 Daniel
705 2141 871 2179 Farlatus
900 2143 1038 2179 nullam
1068 2142 1216 2181 duobus
1253 2144 1329 2180 illis
1367 2143 1406 2179 in
1434 2144 1625 2180 Dalmatia
1661 2143 1789 2182 sedem
1815 2143 1895 2181 affi-

96 2226 126 2246 „
155 2201 309 2247 gnavit3
338 2212 460 2248 neque
481 2201 620 2238 Norici
644 2203 847 2254 Episcopis
875 2205 962 2243 illos
991 2205 1260 2255 adnumerant,
1291 2208 1354 2254 qui
1383 2206 1429 2242 de
1454 2207 1892 2257 LaureacenfiEcclefia,

93 2287 123 2309 „
153 2262 308 2299 Noricae
337 2263 544 2312 provinciae
572 2268 808 2315 metropoli,
839 2270 1140 2306 commentarios
1172 2268 1373 2307 ediderant.
1403 2271 1506 2306 Vero
1536 2269 1650 2318 igitur
1678 2269 1796 2308 simile
1825 2271 1897 2320 est,

95 2350 125 2373 „
156 2323 252 2361 duos
281 2325 369 2361 illos
400 2326 616 2376 Episcopos
646 2329 750 2367 sedes
788 2330 866 2367 suas
906 2332 945 2367 in
982 2332 1176 2369 Pannonia
1219 2331 1394 2369 habuisse.
1428 2332 1508 2373 Jam
1550 2344 1641 2368 vero
1677 2334 1781 2370 annis
1817 2333 1889 2370 illis

93 2415 126 2436 „
157 2398 299 2425 ceteras
336 2388 582 2438 Episcopales
619 2391 723 2430 sedes
760 2394 964 2430 Pannoniae
1006 2394 1155 2432 alterius
1194 2396 1362 2432 nominis
1403 2395 1587 2445 Episcopi
1626 2395 1891 2446 occupabant,

96 2477 127 2498 7,
157 2451 209 2487 uti
236 2450 284 2488 de
312 2452 531 2500 Sirmiensi,
560 2454 763 2503 Mursenli,
795 2455 990 2510 Cibalenfit
1013 2457 1181 2503 constat3
1211 2458 1479 2495 Petovionenfi
1514 2469 1636 2496 autem
1665 2459 1727 2495 vel
1755 2459 1892 2509 Apsia-

64 2518 67 2520 '
94 2539 124 2561 ,7
154 2525 241 2551 num
258 2541 269 2561 ,
298 2514 358 2552 vel
384 2515 559 2552 Marcum
589 2528 630 2552 ea
659 2518 875 2567 tempestate
904 2518 1086 2568 praefuiffe
1112 2507 1218 2570 supra
1245 2520 1475 2558 declaratum
1506 2520 1568 2557 est.
1596 2521 1799 2568 Reliquum
1819 2522 1890 2569 igi·

95 2601 125 2621 „
155 2585 211 2611 tur
239 2575 315 2623 est,
346 2589 386 2614 ur
414 2578 568 2614 alterum
600 2591 731 2616 eorum
761 2581 958 2629 Siscienii,
989 2582 1142 2619 alterum
1173 2582 1379 2620 Sabarienfi
1407 2583 1586 2620 Ecclesiae
1613 2582 1782 2620 insedisse
1811 2583 1896 2620 exi-

84 2660 122 2683 „
152 2636 356 2675 stimemus.
400 2641 484 2689 Qua
524 2641 709 2689 opinione
738 2642 889 2681 admissa
928 2642 1039 2681 facile
1066 2645 1314 2695 intelligitur,
1351 2658 1424 2694 qua
1463 2646 1609 2682 ratione
1637 2646 1776 2682 Ariana
1816 2647 1888 2683 haea
