2065 2927
615 112 893 153 CAPUT
971 112 1404 163 QUARTUM.
1871 122 1920 160 99

291 199 395 240 Dum
424 202 503 238 haec
539 200 577 235 in
604 198 710 236 Italia
738 209 940 247 geruntur,
975 197 1073 237 Daci
1104 200 1295 247 Maefiam,
1330 198 1496 237 exercitu
1529 195 1708 236 Romano
1739 210 1910 248 vacuam,

112 263 330 312 invadunt,
365 261 658 311 expugnatisque
689 261 935 308 cohortium,
971 261 1009 299 ὃ(
1039 262 1177 299 alarum
1211 262 1417 316 hybernis,
1449 271 1603 308 utraque
1634 261 1802 298 Danubii
1832 263 1912 311 ripa

122 328 326 376 potiuntur.
340 325 497 370 Jamque
514 324 628 359 castra
650 323 845 371 legionum
873 323 1089 360 exlkindere
1113 323 1313 372 parabant,
1338 324 1551 373 procursuri
1576 323 1615 359 in
1636 324 1800 360 vicinam
1821 321 1916 361 Panss

116 390 294 435 nonium,
321 385 410 422 dum
433 386 582 422 fortuna
605 386 738 435 populi
767 387 930 423 Romani
953 384 1198 435 (mutianum,
1229 387 1402 434 viresque
1425 387 1593 424 Orientis
1615 387 1721 436 tulit,
1749 399 1792 424 ac
1815 389 1908 426 Bar-

117 450 227 487 baros
255 460 275 484 e
303 448 503 497 provincia
532 448 687 497 fugaxit.
722 447 838 485 Dacis
871 448 1007 497 sugatis
1025 476 1037 496 ,
1075 449 1283 496 relidioque
1321 450 1360 485 in
1392 449 1526 487 Moefia
1551 448 1703 497 Fontej)
1731 447 1908 502 Agr{)pa

114 523 202 548 cum
234 521 338 559 parte
368 511 592 560 copiarum,
630 512 704 559 ipse
738 509 943 548 [musianus
971 511 1009 546 in
1045 510 1189 547 ltaliam
1226 510 1444 559 festinabat,
1473 523 1511 548 ut
1536 511 1638 549 bello
1661 513 1765 548 civili
1792 513 1908 550 finem

114 574 340 622 imponeret.
364 575 507 611 Verum
531 586 578 612 eo
603 586 678 609 non
701 574 913 622 expeelato,
934 569 1011 622 jam
1041 573 1228 610 exercitus
1248 573 1447 627 Illyricus,
1473 573 1569 610 duce
1593 572 1749 611 Antonio
1762 572 1910 623 Primo,

116 637 280 674 Romam
312 637 529 685 occupavit.
565 635 681 673 foeda
720 647 806 672 tunc
847 636 947 672 urbis
982 636 1127 673 saties:
1166 636 1401 686 Capitolium
1438 649 1458 672 a
1492 636 1636 673 furente
1668 637 1787 674 milite
1823 649 1912 674 exu-

115 697 238 746 stum,
266 699 393 747 praelia
420 699 515 735 intra
543 699 659 747 ipsam
689 697 819 735 urbem
849 698 989 746 multa,
1018 698 1056 736 ὅ(
1084 701 1206 742 varia3
1235 698 1361 737 donec
1389 700 1618 748 interceptus
1638 696 1804 737 Vitellius
1828 698 1907 736 Im·

117 762 253 811 peric,
281 761 321 800 ὃ(
348 762 423 798 vita
450 761 670 810 spoliaretur
697 759 752 807 u).

289 824 445 862 Sublato
479 822 648 868 Vitelli03
678 821 878 871 imperavit
907 819 1152 873 Vespasianus
1178 821 1224 859 ab
1252 835 1353 861 anno
1383 823 1523 860 Christi
1552 823 1609 870 69.
1648 822 1693 859 ad
1723 834 1783 870 79.
1811 824 1916 860 Prin-

113 896 208 935 ceps
238 887 339 923 mirae
366 886 601 933 sobrietatis,
630 884 843 921 urbanitatis
861 911 873 931 ,
905 886 954 920 *ac
997 885 1298 932 moderationis,
1339 887 1427 933 (ui,
1466 898 1505 923 ut
1543 885 1671 922 scribit
1698 884 1917 934 Suetonius,

111 961 181 998 per
209 959 329 985 totum
362 948 516 998 Imperii
546 958 694 995 tempus
723 946 816 982 nihil
845 947 1033 993 antiquius
1053 947 1148 995 fuit,
1171 960 1282 994 quam
1299 948 1497 996 afflietam,
1520 959 1785 995 nutantemque
1798 949 1918 984 Rem·

116 1011 313 1060 publicam
341 1010 503 1048 stabilire
531 1009 681 1058 primo,
719 1008 806 1046 dein
845 1009 884 1047 ὃ(
922 1022 1067 1046 ornare.
1110 1010 1187 1047 Sub
1216 1012 1444 1058 hocbitaque
1471 1011 1705 1061 Imperatore
1730 1038 1743 1058 ,
1782 1011 1835 1047 uti
1876 1009 1918 1047 δέ

120 1074 186 1112 sub
223 1072 307 1111 Ίῖτο
334 1072 547 1122 Vespasiani
577 1072 684 1120 filio,
725 1073 790 1119 qui
829 1071 880 1108 ob
907 1072 1088 1121 singulare
1125 1072 1171 1109 de
1200 1073 1376 1110 omnibus
1415 1074 1509 1111 bene
1543 1073 1715 1112 merendi
1752 1072 1914 1110 studium

118 1151 250 1185 amor,
278 1148 322 1173 ac
349 1135 495 1172 deliciae
525 1135 676 1171 humani
705 1135 852 1182 generis
880 1135 1087 1185 adpellatus
1115 1134 1167 1171 est
1185 1164 1198 1184 ,
1235 1136 1391 1173 colonia
1419 1135 1580 1174 Sabaria
1607 1135 1797 1173 laetiffimis
1825 1149 1917 1186 pro-

117 1201 179 1237 cul
207 1199 324 1236 dubio
352 1199 597 1236 incrementis
625 1197 875 1236 adolescebat.
913 1199 1026 1236 Certe
1060 1199 1241 1248 plurimas
1278 1212 1345 1248 per
1385 1210 1506 1236 totum
1537 1198 1670 1235 orbem
1697 1200 1916 1236 Romanum

115 1263 226 1301 urbes
256 1262 301 1298 ab
329 1263 375 1298 iis
403 1261 731 1304 suiss'etenovatas
748 1290 760 1309 ,
797 1262 837 1300 ὅ(
874 1263 1064 1309 excultas,
1105 1262 1274 1298 auetores
1302 1263 1385 1298 sunt
1412 1261 1602 1298 Suetonius
1622 1289 1635 1308 ,
1671 1261 1711 1299 &
1746 1258 1919 1299 Aurelius

119 1324 254 1365 Vifior.
284 1327 461 1375 Quorum
489 1325 713 1362 testimoniis
741 1324 839 1362 haud
869 1325 1066 1362 modicum
1098 1325 1214 1362 robur
1242 1323 1385 1361 addunt
1411 1323 1680 1372 Inscriptiones
1709 1323 1913 1373 Lapidum‚

114 1389 158 1425 in
186 1388 321 1437 quibus
349 1390 568 1439 complures
597 1388 734 1437 urbes,
768 1388 872 1437 quod
900 1402 920 1426 a
948 1386 1074 1426 Flavio
1106 1386 1359 1439 Veffpastano,
1392 1384 1518 1438 ejusve
1555 1386 1637 1424 filio
1667 1387 1777 1423 variis
1805 1386 1917 1424 bene·

118 1451 218 1488 ficiis
246 1451 382 1489 :affeetae
409 1450 546 1499 effent,
574 1452 609 1488 se
638 1452 673 1488 se
702 1449 853 1489 Flavias
878 1461 1106 1501 nuncupant.
1135 1450 1300 1498 Idgenus
1330 1449 1623 1499 Inscriptionem
1642 1461 1780 1498 unam,
1799 1450 1913 1487 etiam

128 1513 226 1562 apud
254 1511 450 1550 „Sabari‘am
474 1524 684 1562 repertam,
712 1514 750 1548 in
779 1526 850 1560 qua
879 1512 1101 1550 Scarbantia
1127 1512 1215 1548 urbs
1246 1512 1354 1549 titulo
1383 1509 1586 1562 Municipii
1613 1508 1735 1549 Flavii
1760 1509 1919 1563 Augusti

121 1586 303 1624 ornatur,
336 1575 556 1612 exhibemus
584 1574 692 1611 isthic
728 1572 816 1611 Tab.
844 1572 912 1612 IX
942 1590 974 1613 n.
1009 1587 1038 1612 ῐ.

294 1639 383 1676 Post
411 1638 523 1676 breve
559 1636 634 1675 Titi
660 1638 865 1687 Imperium
893 1640 1062 1678 successit
1089 1653 1187 1679 anno
1217 1640 1357 1678 Christi
1386 1648 1443 1683 81-
1472 1637 1713 1679 Domitianus.
1752 1640 1788 1677 Is
1817 1639 1917 1689 prin-

122 1701 228 1750 cipio
257 1701 497 1737 clementiam
527 1701 700 1737 simulans
731 1702 859 1737 onmia
887 1702 1070 1740 beneficia
1097 1717 1117 1740 a
1144 1716 1272 1754 patre,
1300 1704 1512 1752 fratreque,
1542 1716 1585 1740 ac
1614 1702 1804 1754 prioribus
1832 1702 1914 1738 aliis

120 1762 299 1811 Augustis
329 1763 532 1812 concess'a,
561 1764 774 1802 civitatibus
803 1766 1043 1803 confirmavit
1068 1766 1128 1814 x).
1167 1767 1284 1817 Quod
1313 1779 1400 1804 cum
1427 1766 1473 1803 ad
1502 1765 1735 1814 Sabarienses
1763 1776 1917 1813 quoque

119 1825 345 1874 pertineret,
376 1827 413 1862 hi
441 1827 603 1875 primum
633 1827 787 1877 Imperii
816 1827 1017 1866 Domitiani
1043 1842 1181 1866 annum
1208 1829 1436 1880 Lapidibus,
1466 1830 1529 1877 qui
1556 1829 1761 1866 etiamnum
1790 1828 1916 1877 super·

119 1888 224 1937 sunt,
254 1889 536 1939 insculpserunt.
566 1890 666 1938 Sed,
695 1891 891 1940 postquam
921 1891 1022 1930 idem
1049 1893 1217 1940 reliquos
1246 1892 1399 1942 Imperii
1427 1904 1546 1929 annos
1574 1892 1708 1928 saevitia
1729 1918 1742 1938 ,
1771 1889 1916 1940 rapaci-

119 1962 214 1998 tate,
243 1951 333 1989 fastu
362 1953 610 2000 intolerabili,
638 1954 797 2001 aliisque
824 1954 1023 1992 sceleribus
1051 1955 1360 2003 contaminasset,
1390 1954 1553 2002 ideoque
1582 1966 1600 1990 a
1619 1951 1824 2003 conjuratis
1856 1953 1913 1988 in-

122 2014 295 2052 terfestus
324 2015 472 2064 fuisset,
503 2017 658 2053 Senatus
688 2016 752 2052 fibi
780 2028 988 2067 temperare
1016 2030 1094 2054 non
1123 2019 1246 2068 potuit
1265 2047 1277 2066 ,
1317 2019 1404 2066 quin
1446 2029 1637 2054 mortuum
1674 2014 1916 2054 contumeliis

123 2077 330 2127 laceraret,
360 2076 515 2128 ejusque
545 2079 727 2126 imagines
757 2081 793 2115 in
822 2081 922 2117 curia
949 2080 1119 2130 detrahi,
1158 2082 1317 2130 soloque
1355 2081 1472 2129 affligi
1507 2078 1663 2129 juberet.
1704 2078 1830 2115 Immo
1869 2076 1917 2113 ad

121 2140 346 2179 abolendam
375 2142 555 2179 saeviffimi
582 2143 769 2191 Principis
801 2144 1024 2181 memoriam
1053 2146 1385 2183 Senatusconsulto
1414 2145 1595 2181 sancitum
1620 2154 1718 2189 erat,
1746 2153 1785 2179 ut
1812 2141 1913 2177 illius

123 2216 264 2240 nomen
294 2205 347 2252 jex
376 2205 552 2243 omnibus
583 2207 838 2243 monumentis
866 2206 1089 2246 eraderetur.
1131 2209 1218 2246 Hoc
1257 2221 1276 2244 a
1314 2207 1447 2245 nostris
1485 2208 1597 2244 etiam
1637 2202 1917 2250 Sabarienfibus

128 2265 364 2304 observatum
395 2267 492 2316 effe,
521 2268 723 2305 ostendunt
750 2269 834 2318 ipsae
862 2269 1161 2318 InscriptioneS,
1191 2284 1280 2319 quas
1309 2284 1353 2309 ex
1382 2269 1586 2319 [apidibus
1616 2267 1723 2304 isthic
1754 2263 1844 2303 Tab.
1865 2263 1916 2301 II.

126 2326 159 2366 t&
186 2327 258 2366 III.
287 2330 347 2365 aeri
374 2330 509 2366 incisas
539 2330 706 2368 fistimus.
736 2331 776 2368 ln
805 2333 862 2368 his
892 2334 1020 2381 enim,
1051 2334 1192 2370 tametsi
1221 2335 1334 2371 ceteri
1364 2333 1460 2370 tituli
1490 2330 1757 2381 permanserint
1784 2327 1883 2364 illaefi
1902 2354 1915 2373 ,

124 2391 244 2440 ipsum
273 2403 395 2428 tamen
425 2391 623 2430 Domitiani
649 2406 790 2431 nomen
820 2394 868 2430 fic
899 2395 1138 2432 obliteratum
1167 2396 1242 2443 est,
1272 2410 1310 2434 ut
1338 2396 1492 2443 vestigia
1519 2394 1654 2432 veteris
1678 2392 1805 2428 rasurae
1833 2401 1910 2425 non

126 2455 208 2492 casu
226 2484 238 2505 ,
266 2468 343 2492 non
373 2457 555 2506 temporis
584 2456 845 2506 diuturnitate,
874 2459 936 2496 sed
964 2459 1108 2508 studio,
1138 2458 1294 2508 dataque
1324 2472 1439 2509 opera
1466 2458 1591 2505 faetae‚
1615 2458 1818 2493 etiamnum
1846 2453 1910 2489 ad·

172 2580 205 2620 u)
230 2579 313 2615 Ibid.
335 2591 405 2624 cap.
427 2588 478 2624 71,

171 2632 206 2672 x)
228 2631 362 2667 ibidem.

1479 2700 1518 2737 Z

1548 2712 1568 2736 ω
