2065 2927
189 142 237 182 54
794 131 1030 172 LIBRI
1107 136 1353 177 PRIMI

361 246 391 267 „
419 219 525 255 Hanc
548 216 865 266 Inscriptionern,
896 219 1020 266 inquit
1045 219 1213 269 Jordan,
1244 234 1378 272 praeter
1401 221 1721 261 abbreviationem
1750 234 1795 260 ex
1816 223 1851 261 A
1877 223 1915 262 ὂ(
1941 223 1981 261 N

190 305 221 328 ,9
249 280 498 329 compositam
520 307 532 327 ,
568 279 608 316 &
643 278 688 314 ad
726 279 926 327 quodlibet
958 293 1100 319 nomen
1136 285 1333 332 repetitam
1370 285 1421 323 fic
1450 285 1575 334 legit:
1618 283 1762 322 Lucius
1808 282 1980 323 Valerius

189 368 219 389 ‚,
248 340 360 379 Lucii
367 339 475 390 filius
489 338 665 379 Claudius
686 343 897 389 Censorinus
920 341 1081 383 Decurio
1108 344 1258 382 Colonia
1282 345 1438 386 Claudiae
1464 346 1645 386 Savariae:
1667 345 1757 384 Item
1782 345 1987 386 Veteranus

191 430 221 451 ‚‚
247 401 424 454 Legionis
445 401 474 439 Ι.
494 401 715 452 Adiutricis,
739 402 1057 448 Exbeneficiarius
1082 405 1243 454 Consulis
1270 428 1285 434 -
1311 428 1327 436 -
1356 407 1492 447 Votum
1508 410 1607 459 fecit
1623 408 1700 458 sthi
1723 406 1755 447 ὃ
1773 407 1906 446 Flaviae
1924 407 1984 446 In·

191 493 220 515 „
238 465 449 515 fiequentinae
478 465 632 516 Conjugi
656 487 670 493 -
697 487 712 494 ·
745 463 777 504 θ’
815 465 975 505 Valeriis
1008 468 1225 518 Cenfhriano
1252 489 1267 496 -
1291 489 1308 497 ·
1334 491 1348 498 -
1380 469 1590 510 Florentino
1616 493 1632 500 -
1658 493 1674 500 -
1701 493 1716 499 -
1747 468 1902 510 Venerio
1929 492 1942 498 -
1968 491 1984 498 ·

190 554 221 576 ,‚
252 524 434 566 Veterano
460 549 475 555 -
501 549 516 556 ·
543 549 558 556 ·
591 525 623 567 &
655 526 888 575 Censorinillae
913 551 928 557 -
954 551 969 558 ·
994 551 1009 558 -
1038 528 1160 578 Filn's,
1192 529 1344 580 itemque
1369 529 1517 571 Liberis
1545 531 1775 573 Libertabus
1789 531 1880 582 ficis.
1898 560 1928 581 ‚‚

382 590 582 640 Reperitur
612 590 743 628 eadem
774 591 977 641 Inscriptio
1006 591 1105 642 apud
1135 593 1288 630 Lazium
1319 592 1408 632 Lib.
1440 607 1494 634 12.
1527 593 1573 632 de
1591 595 1682 645 Rep.
1701 595 1811 633 Rom.
1845 595 1935 634 Secti
1960 607 1982 642 3

189 662 277 702 cap.
302 664 337 690 2.
365 652 404 692 &
431 653 532 704 apud
556 655 758 692 Gruterum
785 666 870 703 pag.
893 665 1125 693 CCCLxxxlx.
1158 670 1187 694 1.
1220 656 1318 707 apud
1347 669 1444 705 quos
1470 669 1541 707 pro
1566 658 1621 695 Al
1640 659 1778 706 ubique
1804 660 1983 708 scriptum

194 714 245 751 est
271 714 336 752 AI.
369 715 485 765 Apud
520 716 725 753 Marsilium
761 717 783 752 l.
816 717 912 765 supr.
946 718 1009 755 cit.
1045 721 1110 766 qui
1141 731 1212 768 pro
1241 719 1297 756 A!
1326 720 1476 757 unicam
1505 720 1650 757 literam
1680 722 1718 758 N
1755 721 1908 769 lingulis
1946 722 1985 757 in

190 777 288 814 locis
319 778 455 826 habet,
483 778 662 826 idemque
689 780 785 816 linea
812 780 941 816 ooava
971 793 1042 830 pro
1073 781 1376 819 VETERANO
1412 781 1532 819 edidit
1561 783 1829 820 VEBRENO.

361 842 476 879 Linea
490 841 610 890 prima
626 840 700 877 CL.
716 841 897 889 fignificat
912 839 1070 879 Claudia
1081 842 1127 881 de
1141 843 1275 891 Tribu,
1291 856 1366 881 non
1383 857 1472 881 vero
1489 842 1674 881 Claudius.
1688 845 1818 881 Literae
1830 847 1876 882 V.
1889 845 1928 882 F,
1944 846 1981 882 S.

193 903 232 940 in
252 903 349 941 linea
374 914 526 952 quarta,
551 916 642 951 quas
660 903 799 945 Jordan
823 906 1085 954 interpretatur
1109 904 1450 955 Votumfecitstbi‚
1476 906 1686 956 significant
1707 908 1852 957 potius:
1877 905 1990 946 Vivus

178 964 277 1015 fecit
294 963 381 1013 fibi.
418 967 491 1015 Et,
523 968 608 1014 quia
641 965 854 1013 Censorinus
880 968 918 1003 in
947 968 1041 1005 vivis
1073 967 1197 1006 adhuc
1226 968 1386 1017 agebat,
1417 969 1506 1006 dum
1540 971 1617 1006 hoc
1652 970 1887 1018 epitaphium
1926 970 1984 1006 in-

190 1028 310 1078 sculpi
335 1025 460 1078 juffit‚
491 1030 642 1077 vivique
670 1029 794 1067 adhuc
822 1029 972 1068 fuerunt
1008 1043 1166 1080 omnes,
1199 1044 1361 1079 quorum
1393 1032 1455 1068 hic
1479 1033 1634 1068 nomina
1663 1043 1893 1081 occurrunt,
1921 1043 1982 1069 ex>

193 1103 301 1141 cepta
331 1089 466 1129 Flavia
495 1090 765 1143 Insequentina,
801 1092 1001 1130 Censorini
1030 1094 1213 1145 Conjuge,
1244 1094 1393 1131 idcirco
1426 1095 1513 1131 huic
1546 1094 1616 1131 soli
1648 1093 1813 1131 additum
1847 1093 1899 1132 est
1924 1092 1986 1132 Al.

190 1166 278 1191 cum
316 1166 476 1192 numero
510 1154 606 1203 IX„
636 1157 759 1192 immo
788 1167 875 1192 cum
900 1156 1005 1205 LX„
1034 1157 1124 1193 licet
1150 1157 1189 1193 in
1224 1158 1335 1194 exeso
1370 1155 1494 1206 lapide
1526 1158 1740 1206 apparuerit
1777 1156 1846 1194 IX.
1881 1156 1984 1194 Reli-

191 1217 276 1265 quis
311 1227 434 1254 autem
464 1216 642 1254 omnibus
675 1206 892 1266 adjungitur
920 1217 977 1256 ΑΙ
999 1219 1075 1256 fine
1105 1231 1276 1256 numero.
1311 1219 1392 1260 Jam
1426 1231 1517 1256 vero
1547 1218 1707 1267 idgenus
1744 1220 1832 1268 sigla
1864 1218 1984 1256 modo

192 1292 264 1330 pro
293 1279 392 1328 AN,
423 1279 545 1317 modo
577 1293 648 1330 pro
679 1280 755 1318 AV
788 1280 827 1317 in
860 1280 1047 1330 lapidibus
1079 1283 1171 1331 poni
1209 1282 1327 1330 solet,
1358 1281 1457 1319 unde
1481 1293 1637 1331 apparet
1665 1283 1702 1317 in
1734 1281 1804 1318 isto
1833 1294 1987 1329 quoque

195 1341 353 1392 politam
390 1341 463 1381 ess‘e
501 1354 662 1390 utroque
698 1341 830 1380 modo.
871 1342 1001 1390 Itaque
1033 1342 1125 1380 illud
1158 1343 1220 1381 Al.
1246 1345 1293 1381 V.
1322 1342 1365 1381 F.
1394 1344 1431 1381 S.
1469 1343 1545 1392 legi
1577 1342 1691 1380 debet
1725 1339 1857 1381 Adhuc
1888 1341 1984 1382 Vivo

195 1401 309 1443 Vivus
338 1403 427 1446 fecit
445 1402 544 1453 fibi:
582 1404 621 1443 &
652 1404 793 1452 reliqua
827 1407 957 1443 onmia
984 1403 1045 1444 Al.
1076 1406 1288 1455 fignifltant
1321 1401 1455 1443 Adhuc
1481 1404 1588 1452 vivo,
1626 1405 1686 1442 vel
1716 1401 1847 1442 Adhuc
1875 1404 1981 1453 vivae,

191 1466 344 1517 dempta
378 1467 475 1505 linea
509 1467 660 1515 quinta,
690 1467 753 1504 ubi
785 1466 846 1506 ΑΙ.
877 1469 957 1505 LX.
991 1468 1043 1505 est
1074 1481 1143 1517 pro
1168 1466 1356 1505 Annorum
1379 1465 1470 1504 LX.
1504 1468 1656 1516 Nempe
1693 1465 1864 1504 Valerius
1889 1467 1978 1504 Cen-

179 1527 333 1579 sorius,
370 1528 545 1567 defunc‘ta
575 1527 754 1580 Conjuge
789 1530 850 1567 sua
881 1528 1011 1568 Flavia
1041 1529 1292 1579 Infiquentina
1323 1541 1419 1565 anno
1450 1526 1565 1564 aetatis
1588 1526 1849 1577 sexagesimo,
1891 1527 1989 1580 Cry-

190 1601 294 1642 ptam
329 1604 401 1642 pro
438 1602 516 1629 tota
545 1591 686 1628 familia
717 1592 780 1629 sua
809 1591 890 1629 fieri
917 1592 1084 1640 curavit,
1116 1592 1226 1640 eique
1253 1590 1419 1640 lapidem
1454 1591 1525 1627 hac
1557 1589 1804 1639 inscriptione
1834 1588 1984 1637 conspi—

191 1666 302 1692 cuum
336 1655 484 1704 imponi
519 1653 621 1693 fecit.

365 1730 400 1754 2.
440 1717 556 1767 Apud
582 1718 734 1755 Lazium
765 1716 829 1753 lib.
859 1717 954 1766 supr.
985 1717 1047 1753 cit.
1083 1715 1242 1754 Sabariae
1282 1715 1319 1751 in
1353 1712 1432 1751 aede
1472 1714 1510 1751 S.
1536 1713 1691 1751 Martini
1730 1711 1984 1760 fragmentum

193 1780 404 1806 marmoris.

246 1891 291 1929 C.
329 1891 484 1930 ESARI
514 1913 526 1919 -
558 1913 573 1919 -
609 1892 793 1930 ERNAE
821 1913 834 1919 -
857 1912 874 1919 -
901 1891 938 1928 Ο
960 1912 981 1941 1-
1009 1913 1023 1920 -
1052 1890 1282 1930 AVGVST.
1321 1888 1385 1927 IC.
1427 1887 1552 1926 DAC.
1591 1886 1660 1924 ΙΟ.
1700 1885 1929 1925 MAXIMO

356 1955 428 1993 ΕΤ
455 1975 470 1985 ·
499 1975 514 1982 -
541 1954 808 1993 OESTATIS
837 1955 886 1992 O.
917 1955 954 1991 S.
981 1956 1030 1992 V.
1059 1952 1241 1992 PANlRI
1267 1974 1282 1979 -
1310 1973 1324 1980 -
1352 1952 1513 1989 VGVR.
1544 1950 1727 1988 SACER.
1756 1949 1828 1987 EX

812 2015 1060 2054 COLONIA
1101 2014 1352 2055 SAVARIA.

362 2143 541 2179 Laceram
574 2142 670 2177 hanc
700 2139 992 2191 Inscriptionem
1025 2142 1206 2180 Gruterus
1237 2152 1321 2190 pag.
1343 2150 1483 2178 cchv.
1512 2139 1562 2176 ita
1591 2136 1738 2186 explet:

346 2285 358 2291 -
388 2284 403 2292 -
432 2263 665 2303 CAESARI
693 2265 916 2303 NERVAE
944 2265 1175 2304 AVGVST.
1202 2285 1216 2292 -
1243 2286 1257 2292 -
1285 2264 1351 2302 IC.
1381 2261 1507 2301 DAC.
1534 2261 1617 2299 ΡΟ.
1646 2258 1833 2298 MAXIM

273 2345 287 2351 —
314 2344 328 2352 ·
355 2327 388 2362 E
415 2326 748 2365 POTESTATIS
776 2338 784 2346 ·
812 2327 1025 2365 PROCOS
1054 2339 1061 2347 ·
1090 2329 1140 2366 V.
1173 2325 1414 2365 PAPIRIVS
1448 2324 1648 2363 AVGVR.
1679 2319 1906 2360 SACERD.

764 2390 837 2427 EX
883 2388 1131 2428 COLONIA
1168 2388 1416 2427 SAVARIA.

368 2510 425 2547 Ex
452 2510 557 2548 litera
581 2511 618 2548 O
644 2524 727 2550 ante
752 2514 984 2551 AVGVST.
1010 2513 1049 2552 ὃ(
1074 2527 1120 2552 ex
1147 2513 1259 2551 titulo
1289 2512 1418 2551 DAC.
1450 2522 1552 2562 patet
1581 2509 1715 2548 fafkam
1742 2505 1846 2545 fuisse
1882 2509 1979 2543 hanc

195 2570 481 2621 inscriptionem
505 2584 580 2609 non
605 2573 755 2623 Narve,
786 2576 849 2614 sed
870 2575 979 2626 hujus
1003 2576 1186 2626 adoptivo
1214 2575 1310 2623 filio,
1332 2575 1370 2614 &
1397 2572 1626 2620 Successori,
1659 2571 1781 2610 Nerva
1809 2568 1992 2620 Trajano.

194 2631 323 2679 ltaque
352 2633 485 2671 reffius
519 2636 618 2672 hunc
650 2636 690 2672 in
721 2637 878 2675 modum
906 2638 1242 2688 redintegrabitur:
