2065 2927
633 83 911 122 CAPUT
991 81 1418 123 OCTAVUM.
1852 84 1927 125 335

119 197 148 216 ῃ
177 171 276 208 idem
315 183 393 209 tam
421 171 459 206 in
487 169 636 218 oppido
652 170 814 218 Vasve'ir,
843 182 955 218 quam
984 170 1140 218 expost,
1168 182 1188 206 a
1218 180 1389 217 tempore
1417 163 1596 203 videlicet
1624 162 1918 210 transmigratio—

124 260 151 278 „
180 235 237 270 nis
264 234 335 270 suae
362 245 408 270 ex
436 231 572 268 eodem
604 232 752 280 oppido
782 233 916 281 vigore
942 231 1106 268 Articuli
1135 242 1194 269 20.
1221 231 1323 269 Anni
1347 236 1446 278 1578.
1474 226 1521 264 ad
1549 224 1650 263 aliud
1675 237 1778 272 aeque
1807 224 1919 272 oppi-

124 322 149 339 ,‚
178 296 267 332 dum
297 294 454 333 Sabariae
482 292 607 340 fastae,
637 294 676 332 ὅ(
703 294 903 332 subsecutae
931 294 1076 344 semper
1103 294 1288 344 pacifice,
1318 292 1355 330 &
1384 289 1651 340 imperturbate
1678 283 1916 330 substitisset,

123 384 151 402 a,
177 370 221 394 aC
249 353 536 407 perseverasset,
576 357 794 405 neminique
824 356 1016 408 quidpiam
1038 386 1050 406 ,
1090 358 1163 395 live
1201 354 1381 394 videlicet
1410 352 1586 392 Domino
1613 349 1801 396 terrestri,
1840 348 1914 386 five

126 445 153 464 n
181 419 380 469 oppidanis
408 417 683 456 Sabarienfibus
718 418 936 470 praestitiffet
963 447 976 467 .,
1012 420 1052 458 &
1090 417 1378 465 contribuiffet,
1420 428 1549 454 verum
1588 413 1704 452 tribus
1738 411 1916 460 circiter,

129 508 155 526 ,‚
182 494 244 519 aut
272 492 430 528 quatuor
457 480 596 517 abhinc
624 483 730 518 annis
767 494 865 521 nunc
900 481 965 520 fati
1002 482 1198 532 Oppidani
1238 481 1277 518 id
1312 481 1431 530 ipsum
1453 507 1467 528 ,
1507 489 1689 526 quatenus
1720 474 1913 527 praefatum

122 571 148 589 ‚‚
179 544 395 592 Capitulum
426 545 595 581 universa
623 557 738 582 onera
766 545 922 593 civilia,
957 544 997 582 ὅ(
1034 544 1328 582 contributionis
1356 540 1614 593 cujuscunque
1641 538 1791 588 generis
1815 565 1827 586 ,
1863 538 1914 574 se-

123 633 148 651 „
177 606 340 643 cundum
370 618 542 654 morem,
573 608 612 645 ὅ(
641 607 951 644 consuetudinem
982 608 1018 643 in
1039 607 1168 643 medio
1195 607 1362 656 ipsorum
1392 604 1587 654 prafficari
1613 602 1759 640 solitam
1779 601 1915 647 subire,

122 695 147 712 ‚,
177 670 216 707 &
244 670 461 718 supportare
489 669 744 718 obligaretur,
774 669 967 707 effeetuare
995 669 1242 707 intendiffent.
1273 668 1380 706 Unde
1409 668 1682 705 mentionatum
1699 664 1927 714 Capitulum

123 759 149 777 ,‚
178 732 347 779 ratione,
376 732 415 770 &
443 734 576 769 intuitu
604 729 824 782 hujusmodi
853 731 1147 781 Oppidanorum
1176 729 1445 767 Sabarienfium
1476 727 1758 777 praetenlionis,
1799 725 1839 763 &
1878 726 1915 762 in

124 821 150 840 ‚‚
178 796 293 833 Anno
328 804 432 843 1715.
470 794 570 832 frusto
609 795 655 831 ad
682 794 1048 832 Reverendissimum
1087 795 1124 829 in
1155 792 1307 829 Christo
1336 778 1512 839 Patrem,
1552 802 1597 827 ac
1637 787 1917 827 Sereniffimum

122 884 149 902 ‚,
179 857 431 895 Christianum
458 857 669 905 Augustum
699 857 849 894 Ducem
880 856 925 892 de
954 857 1147 903 Saxonia,
1176 856 1212 892 S.
1228 856 1274 892 R.
1292 855 1337 891 E.
1366 853 1630 907 Presbyterum
1660 851 1916 898 cardinalem,

118 947 144 965 ‚,
173 921 212 959 ὅ(
239 921 455 969 Principem
478 919 1174 968 ¹,ArchiepistopumStrigonienlem,
1203 916 1779 964 PrimatemRegniHungariae,
1805 916 1921 962 Lega—

126 1010 151 1028 ‚,
181 995 258 1020 tum
288 994 441 1030 natum,
470 984 693 1028 Summum,
723 980 763 1018 ὅ(
791 981 1040 1019 Secretarium
1077 980 1379 1026 Cancellarium,
1407 978 1603 1016 Actualem
1620 977 1798 1014 Intimum
1816 977 1918 1014 Con-

126 1072 152 1090 „
181 1046 382 1091 filiarium,
411 1045 450 1082 &
477 1043 523 1079 ad
550 1044 766 1092 generalem
782 1044 943 1080 Diaetam
959 1042 1270 1080 Ratisbonensem
1298 1041 1674 1090 Plenipotentiarium
1691 1038 1917 1076 Commissa-

124 1134 150 1153 „
178 1110 274 1145 rium
303 1107 497 1154 nostrum,
525 1119 599 1154 qua
627 1106 877 1155 Episcopatus
901 1105 1123 1148 Jaurinenfis
1148 1103 1536 1150 Administratorem,
1574 1101 1614 1139 ὅ(
1651 1101 1740 1138 disti
1771 1101 1918 1150 Oppidi

125 1197 152 1215 „
180 1169 400 1208 Sabariensis
416 1169 630 1206 Dominum
645 1169 853 1205 terrestrem
871 1197 883 1216 ,
912 1168 1084 1215 recursu,
1113 1167 1224 1205 talem
1252 1166 1297 1202 ab
1326 1165 1464 1203 eodem
1495 1165 1788 1202 resolutionem:
1815 1164 1917 1211 quod

127 1260 152 1278 ‚‚
180 1234 364 1281 fiquidem
394 1234 544 1269 Domus
573 1232 869 1280 praeattastorum
900 1229 1458 1279 CapitulariumSabarienfium
1488 1229 1526 1263 in
1555 1225 1723 1274 ejusdem
1753 1227 1919 1262 nominis

133 1322 158 1339 „
189 1296 304 1342 loco,
333 1294 372 1332 ὅ(
404 1294 554 1343 oppido
584 1294 739 1341 habitae,
769 1306 812 1329 ac
839 1305 906 1342 per
922 1292 1078 1330 eosdem
1108 1289 1296 1341 poffeffae,
1325 1290 1703 1326 connumerationem
1729 1300 1920 1337 portarum

129 1385 154 1402 „
186 1358 498 1394 comitatenimm
528 1354 693 1403 ingreffae
721 1367 798 1391 non
826 1353 997 1402 fuissent,
1027 1354 1066 1392 ὃ(
1094 1355 1229 1390 intuitu
1258 1351 1461 1389 earundem
1484 1352 1729 1398 Domorum,
1759 1364 1824 1399 per
1848 1351 1920 1387 Ca-

129 1446 154 1466 „
183 1420 346 1456 nonicos
375 1417 641 1468 poffessarum,
674 1418 754 1466 plus
783 1418 935 1465 oneris,
963 1428 1024 1453 aut
1052 1412 1171 1464 majus
1201 1414 1532 1451 Contributionale
1561 1414 1752 1462 Quantum
1784 1414 1922 1450 incolis

131 1509 156 1528 „
184 1481 365 1532 praelibati
394 1481 527 1530 oppidi
555 1479 778 1516 Sabarienfis
806 1479 1023 1528 impositum
1053 1476 1150 1514 haud
1178 1475 1374 1523 extitisset,
1402 1475 1491 1512 ideo
1521 1475 1701 1525 praelibati
1731 1475 1921 1512 Canonici

131 1571 156 1589 ,‚
186 1543 420 1593 Capitulares
448 1542 615 1591 respe&u
633 1542 850 1579 Domorum
866 1543 1009 1578 suarum
1032 1539 1320 1578 refidentialium
1337 1566 1349 1586 ,
1379 1538 1538 1575 Sabariae
1554 1537 1788 1585 habitarum,
1811 1551 1922 1587 prout

126 1633 151 1651 „
180 1619 286 1643 antea
314 1605 360 1642 ab
388 1617 503 1642 onere
531 1603 843 1641 contributionali
871 1605 1058 1641 immunes
1085 1601 1260 1650 fuissent,
1288 1601 1338 1638 ita
1365 1601 1547 1650 deinceps
1578 1613 1728 1649 quoque
1748 1602 1827 1649 pari
1851 1603 1919 1637 im-

131 1695 155 1712 „
186 1670 366 1706 munitate
395 1667 605 1716 gaudeant:
636 1666 862 1704 obtinuisset.
891 1666 1031 1703 Intuitu
1058 1663 1164 1715 cujus
1193 1663 1346 1713 quidem
1376 1664 1633 1702 Resolutionis
1663 1664 1803 1701 tametfi
1834 1677 1924 1712 prae-

128 1757 154 1775 „
182 1731 285 1768 libati
314 1731 494 1780 oppidani
523 1729 756 1767 Sabarienses
783 1742 802 1765 a
831 1730 995 1780 praescita
1023 1728 1266 1778 praetenfione
1293 1727 1354 1764 sua
1381 1739 1507 1764 attunc
1536 1725 1748 1774 cessassent,
1779 1727 1919 1763 nihilo—

130 1819 156 1838 „
183 1795 306 1831 minus
336 1806 486 1840 tamen,
517 1804 561 1829 ex
591 1804 667 1839 quo
698 1792 824 1829 denuo
851 1792 1072 1842 suprafatum
1103 1790 1347 1840 Capitulum,
1375 1787 1620 1838 ejusdemque
1648 1789 1814 1830 Juratum
1840 1790 1922 1825 No-

129 1883 155 1902 „
185 1858 316 1894 tarium
347 1867 498 1893 eatenus
527 1854 748 1902 molestare,
775 1855 813 1893 &
837 1855 900 1892 sub
929 1854 1230 1892 comminatione
1258 1850 1484 1890 intentandae
1512 1852 1747 1889 executionis
1775 1852 1920 1898 inquie—

132 1945 156 1964 ,‚
185 1930 260 1956 tare
287 1916 544 1959 attentaffent3
573 1917 819 1966 supplicatum
847 1918 972 1966 itaque
1000 1917 1122 1954 extitit
1148 1913 1481 1966 Majestatinostrae
1510 1914 1688 1959 nomine,
1717 1913 1758 1951 &
1787 1915 1822 1950 in
1842 1926 1925 1963 per-

132 2008 155 2025 „
183 1982 284 2018 sonis
313 1982 403 2018 dieti
432 1981 582 2029 Capivl
562 1994 568 2016 z
587 1981 598 2015 i
619 2008 628 2025 ,
662 1978 907 2029 ejusdemque
933 1976 1048 2021 Juraii
1076 1979 1226 2016 Notarii
1257 1990 1436 2028 perquam
1464 1976 1702 2025 humillime,
1742 1988 1922 2024 quatenus

127 2071 153 2088 ‚‚
182 2044 336 2081 eosdem
366 2056 497 2080 contra
527 2043 646 2082 modo
674 2042 771 2080 fatos
811 2043 1026 2093 oppidanos
1050 2041 1283 2078 Sabarienses
1312 2041 1478 2087 ratione,
1509 2039 1548 2076 δέ
1569 2050 1751 2091 praetextu
1780 2051 1921 2088 praeex-

129 2134 155 2152 ,‚
186 2107 311 2157 positae
341 2107 547 2144 eorundem
577 2106 782 2154 illegitimae
811 2105 1065 2156 praetenlionis
1105 2105 1168 2142 iub
1197 2105 1401 2153 benignam
1432 2102 1629 2140 Caesareo·
1642 2102 1801 2150 Regiam
1833 2114 1920 2151 pro—

132 2197 157 2215 „
186 2170 391 2206 teeiionem
420 2169 583 2207 nostram
612 2170 795 2219 suscipere
816 2198 828 2217 ,
867 2181 977 2216 atque
1005 2170 1088 2205 xice
1111 2197 1123 2216 ,
1165 2168 1205 2206 ὅ(
1244 2169 1282 2203 in
1311 2167 1468 2216 persona
1498 2165 1621 2202 nostra
1648 2166 1769 2213 Regia
1796 2164 1921 2202 vestrae

130 2260 156 2277 „
185 2233 296 2269 etiam
325 2231 565 2280 dignaremur
594 2235 833 2270 committere
862 2232 1115 2282 proteffioni,
1145 2230 1185 2268 &
1215 2230 1363 2268 tuitioni
1392 2229 1555 2278 speciali.
1585 2230 1759 2277 Quorum
1787 2228 1924 2264 humil—

132 2321 158 2339 „
184 2295 275 2335 lima
303 2294 604 2344 supplicatione,
633 2307 821 2343 tamquam
850 2294 940 2343 justa
963 2323 974 2341 ,
1012 2295 1053 2333 ὅ(
1090 2294 1258 2342 legitima
1285 2294 1492 2330 clementer
1520 2291 1690 2328 exaudita
1709 2318 1722 2337 ,
1762 2289 1925 2338 benigne

134 2384 159 2401 ‚‚
190 2359 327 2407 pariter
356 2357 397 2394 &
425 2357 604 2401 admiss'a;
641 2370 726 2395 cum
766 2358 805 2396 ἃ
841 2358 1011 2403 alioquin
1039 2357 1150 2394 etiam
1181 2355 1329 2404 repetiti
1358 2355 1617 2404 CapitulareS,
1657 2353 1697 2391 &
1734 2353 1922 2389 Canonici

133 2446 157 2463 ,.,
187 2421 222 2455 in
253 2419 371 2456 fundo
402 2420 619 2469 Episcopali
648 2421 873 2468 refidmres,
903 2421 1143 2467 domosque,
1172 2418 1456 2468 appertinentiis
1485 2415 1677 2464 quibusvis
1707 2415 1920 2460 destitutas,

132 2509 158 2526 ε,
188 2481 437 2532 possidentes,
467 2495 510 2518 a:
540 2482 737 2521 difiamine
766 2484 928 2521 Articuli
962 2496 1041 2520 Iso.
1066 2482 1166 2519 Anni
1190 2480 1295 2528 1647.
1324 2494 1367 2518 ac
1395 2481 1504 2516 etiam
1534 2476 1634 2529 juxta
1663 2489 1920 2528 praenarratam

135 2571 160 2589 ‚‚
188 2556 337 2582 eatenus
365 2544 594 2583 subsecutam
626 2547 787 2583 Domini
817 2546 994 2583 terrestris
1024 2545 1332 2594 exemptionem,
1373 2543 1418 2579 ab
1446 2542 1553 2580 omni
1581 2541 1716 2587 censu,
1753 2539 1795 2577 ἃ
1831 2551 1923 2575 con-

133 2633 160 2658 1².
183 2607 393 2647 ,tributione
420 2609 610 2645 immunes
631 2637 643 2657 ,
674 2608 712 2646 ἃ
742 2609 936 2658 exempti,
969 2605 1295 2658 jurisdielionique
1325 2606 1683 2656 ptaenominatorum
1713 2600 1925 2651 oppidano-
