2065 2927
600 104 882 144 CAPUT
961 103 1398 155 QUARTUM.
1849 121 1894 158 η

87 198 211 247 supra
240 192 368 234 allatis
389 200 603 244 permotus,
636 203 763 230 eorum
790 202 859 242 ego
885 189 1059 240 [ὲητεητὶιε
1080 190 1192 231 libens
1212 191 1404 244 lubensque
1429 188 1569 231 accedo
1585 220 1596 242 ,
1622 191 1683 245 qui
1705 191 1898 247 antiquam

107 256 306 297 Sabat-iam
337 251 511 292 hodierno
544 253 706 300 nomine,
736 250 768 291 ὃ
785 252 866 301 situ
898 251 1040 291 Sa'rva'r
1070 255 1138 304 ff
1168 255 1290 294 volun:
1318 257 1373 305 α).
1408 255 1574 305 Quidam
1608 267 1648 294 ut
1676 257 1764 294 huic
1798 256 1895 294 diffi-

106 321 235 357 cultati
258 327 481 364 occurrant,
509 314 708 353 sabariam
730 328 895 354 veterem
927 316 971 352 ab
993 318 1140 367 oppido
1165 316 1262 356 Stein
1286 331 1346 355 am
1371 316 1495 369 Anger
1524 319 1639 367 usque
1666 319 1713 355 ad
1734 319 1893 358 castrum

105 381 246 420 Sa'rva'r
274 378 480 417 extendunt
508 376 561 426 b).
592 377 637 415 Id
662 377 765 425 quod
800 377 846 416 de
874 379 1003 428 priscis
1034 378 1169 416 finibus
1201 379 1279 428 agri
1316 379 1568 430 Sabariensis,
1607 394 1686 418 non
1716 395 1806 420 vero
1844 383 1893 422 de

31 468 33 473 .
91 455 197 483 ,tanta
229 442 341 492 ipfius
372 441 473 478 urbis
510 439 770 489 magnitudine
806 439 1072 490 accipiendum
1101 441 1405 479 existimaverim.
1440 443 1681 492 Quamquam
1714 456 1760 481 ne
1794 446 1891 483 istud

98 504 253 553 quidem
282 503 526 543 necessarium
553 502 630 550 est,
663 514 750 539 cum
774 503 834 539 vel
858 501 976 539 hodie
1004 501 1169 552 Sibaris,
1195 504 1256 542 seu
1285 504 1431 551 Girgfius
1457 506 1602 555 amnis,
1632 507 1742 543 etiam
1768 521 1890 558 prope

101 566 200 605 Stein
232 579 295 604 am
325 563 451 618 Anger
477 564 684 603 hauriendo
713 565 859 602 homini
889 564 945 614 (fi
971 577 1109 615 nempe
1134 566 1188 615 is,
1214 567 1265 604 uti
1286 567 1322 604 S.
1341 568 1506 616 Quirino
1532 568 1700 618 accidit,
1721 570 1888 620 adpenso

95 629 141 666 ad
171 629 313 666 collum
345 629 432 666 saxo
470 628 632 675 molari,
665 638 710 663 ne
740 626 832 663 stare
860 627 997 676 poffit,
1029 629 1316 678 praecipitetur)
1347 629 1517 668 sufficere
1540 631 1670 669 valeat.
1706 633 1888 682 Accedit,

94 689 199 740 quod
234 703 291 729 tot
315 691 534 728 saeculorum
568 689 723 727 decursu
752 689 830 739 ipse
857 702 1011 737 quoque
1040 691 1103 726 hic
1133 693 1252 728 amnis
1278 693 1469 741 ingentem
1495 692 1617 731 subire
1641 697 1888 734 mutationem

96 755 275 805 potuerit.
315 753 429 791 Certe
468 752 646 800 constat,
686 763 763 788 non
801 750 911 788 urbes
950 750 1098 801 modo,
1134 753 1173 791 &
1211 755 1450 804 provincias,
1490 769 1620 794 verum
1660 757 1701 796 &
1733 759 1888 796 flumina

93 815 404 857 vicissitudinibus
432 814 599 852 obnoxia
632 812 703 851 effe
722 841 735 860 ,
766 813 816 849 ita
851 824 891 850 ut
920 813 1090 860 quaedam
1120 817 1257 852 horum
1296 817 1366 855 fint
1397 819 1500 855 aucta
1523 847 1535 868 ,
1573 820 1643 857 alia
1679 820 1886 872 diminuta,

90 878 270 916 nonnulla
298 890 387 914 vero
419 888 480 914 aut
510 876 655 912 cursum
688 875 934 924 mutaverint,
967 887 1028 914 aut
1057 878 1205 927 penitus
1236 877 1458 918 defecerint.
1492 882 1692 922 Postremo
1715 885 1740 922 fi
1764 883 1886 923 Saba-

27 919 30 960 ἶ
86 939 144 977 ria
175 941 213 976 in
245 940 309 977 fitu
337 938 509 976 hodierni
537 936 696 987 oppidi,
730 937 913 985 castrique
938 936 1078 976 Sa'rva'r
1106 940 1281 989 stetisset,
1315 943 1352 978 in
1376 944 1482 981 Ac'tis
1511 944 1589 982 divi
1613 947 1762 992 Quirini
1781 949 1888 987 Mar-

92 1003 183 1040 tvris
224 1002 368 1038 mentio
408 1000 515 1036 fieret
546 997 751 1037 arrabonis
789 1002 915 1050 potius
954 1001 1083 1049 fluvii,
1120 1015 1231 1050 quam
1263 1003 1432 1054 Sibaris,
1466 1019 1528 1045 aut
1562 1007 1667 1047 forte
1691 1012 1886 1060 utriusque

28 1073 29 1077 ¹
88 1043 206 1100 timui.
238 1063 295 1100 Ibi
331 1062 431 1099 enim
460 1060 688 1111 profundior
715 1059 866 1100 Arrabo
896 1064 1018 1101 haurit
1045 1061 1222 1103 Sibarim:
1259 1067 1358 1103 unde
1390 1070 1537 1123 Martyr
1572 1083 1725 1120 quoque
1759 1076 1886 1113 verifi-

89 1126 213 1164 milius
238 1125 274 1161 in
297 1122 550 1173 Arrabonem,
582 1136 694 1171 quam
729 1125 768 1160 in
800 1122 958 1163 Sibarim
987 1127 1242 1177 praecipitatus
1276 1129 1408 1167 fuiffet.
1454 1131 1530 1169 Sed
1565 1135 1644 1170 haec
1678 1135 1883 1183 ha&enus;

85 1187 254 1235 alioquin
291 1187 390 1223 enim
425 1198 469 1224 ex
501 1186 700 1224 itinerario
733 1186 946 1237 Antonini,
983 1188 1023 1226 &
1055 1202 1100 1227 ex
1130 1190 1445 1242 inscriptionibus
1471 1195 1684 1244 Romanis,
1720 1198 1757 1234 in
1790 1196 1884 1238 Stein

86 1261 148 1287 nm
175 1246 298 1300 Anger
326 1249 512 1297 inventis,
552 1261 643 1286 mox
673 1249 896 1286 luculentius
930 1251 1093 1301 patebit,
1126 1265 1359 1304 quantopere
1391 1268 1410 1292 a
1444 1269 1536 1294 vei-o
1570 1258 1734 1305 antiquae
1764 1259 1885 1299 Saha-

87 1309 145 1348 riae
176 1311 242 1349 situ
272 1310 468 1361 aberrent,
502 1312 566 1360 qui
600 1314 677 1350 hoc
711 1313 867 1350 nomine
897 1313 1124 1353 hodiernum
1158 1317 1371 1369 oppidum,
1403 1319 1639 1368 castrumque
1669 1319 1810 1360 Sa'rva'r
1829 1324 1887 1360 in-

87 1373 205 1422 telligi
238 1375 383 1414 volunt.

252 1437 426 1486 Restant,
452 1439 514 1485 qui
543 1437 742 1478 Sabariam
763 1453 929 1480 veterem
953 1443 1074 1491 magis
1095 1443 1219 1482 adhuc
1242 1445 1288 1483 ab
1312 1445 1497 1486 hodierna
1523 1461 1746 1500 removent,
1777 1450 1884 1489 finini

87 1497 186 1533 'iliius
215 1499 479 1547 investigantes
520 1503 557 1536 in
586 1502 790 1541 Jaurinenfi
833 1505 1050 1553 comitam,
1084 1519 1206 1557 prope
1254 1510 1400 1548 sacrum
1440 1513 1644 1551 Pannoniae
1683 1527 1884 1565 montem,

91 1560 206 1600 vulgo
242 1561 364 1597 Sansti
399 1562 553 1598 Martini
583 1561 736 1598 dicium.
771 1563 815 1600 ld
849 1577 965 1613 agens
1002 1566 1062 1602 Cl.
1100 1566 1251 1605 Katona
1280 1571 1347 1618 c),
1380 1575 1459 1607 haec
1495 1576 1660 1621 primum
1697 1589 1742 1614 ex
1778 1577 1887 1615 Ano·

83 1599 206 1666 ,nvmo
239 1620 327 1657 Belae
356 1623 472 1670 Regis
502 1624 664 1659 Nomi-io
697 1624 743 1658 de
772 1622 923 1675 Arpacli
951 1628 1073 1663 Ducis
1105 1632 1273 1668 exercitu
1302 1632 1414 1668 verba
1448 1635 1609 1672 excitat:
1636 1637 1761 1686 juxta
1789 1652 1887 1677 mon-

23 1704 26 1708 ι
85 1667 153 1719 τεήι
179 1679 214 1719 S.
245 1680 436 1730 Martini,
469 1684 614 1732 inquit,
648 1685 774 1730 castra
805 1686 931 1724 metati
952 1687 1056 1733 siant,
1091 1686 1123 1726 δ’
1154 1688 1201 1727 de
1213 1692 1328 1740 fonte
1359 1691 1521 1732 Sabariae
1551 1707 1628 1734 tam
1655 1698 1744 1749 ipfi,
1774 1714 1884 1751 quam

86 1757 211 1782 eorum
248 1743 421 1782 animalia
453 1745 619 1784 biberunt
643 1744 706 1795 d).
738 1749 871 1786 Postea
903 1752 1003 1787 hunc
1034 1752 1074 1787 in
1108 1752 1265 1791 niodum
1293 1768 1597 1804 argumentatur:
1629 1788 1657 1809 „
1679 1763 1752 1799 Hic
1774 1764 1884 1801 Ano-

89 1835 118 1856 „
147 1806 252 1860 nymi
276 1806 408 1856 locus,
438 1809 514 1857 ait,
547 1822 673 1859 aperte
706 1809 843 1861 docet,
878 1809 980 1862 juxta
1006 1826 1178 1853 montem
1212 1817 1249 1854 S.
1270 1818 1425 1857 Martini
1450 1821 1640 1860 Sabariam
1666 1824 1761 1861 olim
1792 1828 1887 1864 exti-

597 1916 1885 1945 Ἣ

120 1989 160 2030 ιι)
183 1990 220 2021 Τ.
242 1992 267 2022 Ι.
289 2000 419 2033 operum
438 1990 578 2031 Sulpicii
598 1993 713 2024 Severi
736 2003 767 2036 p.
790 2002 859 2037 320.
884 1995 915 2026 in
938 1998 1059 2031 Adnot.

121 2043 155 2082 h]
177 2045 320 2085 Topogr.
345 2044 449 2085 Hung.
471 2055 504 2087 p.
532 2053 599 2077 112.
617 2046 646 2077 ἃ
669 2047 792 2079 Ὡιῐῑετε.
815 2047 855 2079 de
872 2051 938 2082 coi.
958 2052 1054 2084 Rom.
1072 2054 1106 2085 in
1126 2058 1222 2088 Panu.
1245 2064 1277 2098 p.
1299 2063 1351 2102 53.

129 2096 159 2134 c)
182 2097 220 2127 P.
243 2096 267 2128 I.
288 2096 367 2129 Hist.
390 2106 477 2139 prag.
499 2099 607 2140 Hung.
632 2109 664 2141 p.
687 2105 741 2142 54.

126 2147 170 2188 d)
193 2150 386 2191 Anonymus
408 2151 495 2182 Belae
517 2151 672 2185 Notarius
702 2162 772 2194 cap.
790 2160 844 2196 50.
878 2157 928 2187 De
955 2156 1020 2189 hoc
1040 2162 1219 2204 Anonymo
1247 2162 1447 2207 disceptatur
1474 2165 1596 2202 hodie:
1625 2168 1786 2208 quodum
1817 2172 1886 2211 eius

84 2209 204 2232 nomen
222 2200 332 2241 fuerit,
359 2204 390 2236 δι
417 2205 504 2245 quoti
527 2206 613 2238 Belae
632 2207 734 2248 Regis
756 2209 922 2241 Notarium
948 2212 1081 2251 egerit?
1101 2214 1232 2248 Initium
1253 2216 1341 2249 illius
1371 2218 1506 2251 historiae
1535 2218 1577 2251 de
1597 2221 1717 2263 septem
1740 2224 1887 2258 Ducibus

85 2253 255 2295 Hungariae
282 2255 314 2287 in
333 2258 433 2289 veteri
454 2259 526 2294 MS.
557 2260 599 2291 ita
628 2258 741 2294 haber,
771 2260 888 2294 PdiFtur
916 2263 1060 2308 magister,
1089 2278 1123 2299 ac
1151 2269 1284 2308 quondam
1315 2272 1390 2303 bonae
1412 2272 1547 2305 memori‘ae
1580 2275 1766 2319 gloriofiffimi
1787 2278 1888 2320 Belae‚

21 2342 23 2344 ,
81 2305 160 2350 regis
178 2306 332 2351 Hungarie
357 2309 506 2348 notarius,
528 2311 574 2344 N.
593 2313 649 2354 [ἴω
670 2313 837 2356 ᾱῐίεῆῐβῐνηο
857 2315 943 2348 amico
957 2341 965 2355 ‚
986 2317 1050 2350 ὐῐνο
1071 2323 1239 2356 venerabili.
1261 2323 1315 2356 Cl.
1334 2324 1589 2359 Schwantnerus
1625 2325 1662 2357 τδ
1678 2328 1796 2363 Ρᾱῐᾶω
1818 2332 1888 2365 edi-

88 2358 135 2390 dit
159 2357 330 2400 Praeds'flus,
355 2362 428 2400 sed,
456 2373 524 2396 cum
542 2366 658 2398 nullum
683 2377 801 2399 nomen
818 2370 996 2409 praecedat,
1025 2373 1116 2406 valet
1140 2375 1270 2408 illorum
1291 2379 1472 2418 sententia,
1503 2381 1558 2420 qui
1579 2379 1743 2416 hocloco
1766 2385 1803 2419 P.
1828 2386 1888 2418 ini-

85 2413 193 2444 tialem
223 2415 364 2447 nominis
390 2420 443 2447 aut
469 2416 569 2456 Petri,
590 2426 642 2451 aut
671 2419 758 2457 Pauli
780 2421 903 2453 literam
934 2422 996 2455 effe
1023 2428 1167 2460 censent.
1193 2430 1384 2471 Legendum
1417 2442 1497 2475 ergo
1533 2434 1573 2473 est
1602 2436 1657 2467 vel
1679 2434 1802 2475 Petrus,
1830 2438 1889 2471 vel

90 2462 199 2497 Paulus
220 2467 310 2499 dirius
331 2468 456 2513 magister
479 2470 540 2503 &c.
573 2472 717 2505 Ernessus
739 2474 837 2519 Spies}
868 2474 899 2506 in
932 2479 1086 2519 opusculo
1114 2481 1167 2513 cui
1197 2483 1334 2515 titulus:
1363 2485 1580 2519 Arc-hivische
1604 2488 1863 2524 Nebenarbei'ten
1878 2504 1888 2524 t

88 2517 179 2550 ersser
203 2520 323 2553 Theil:
344 2522 443 2554 edidit
461 2532 492 2565 p.
516 2533 584 2565 140.
609 2526 761 2567 Diploma
784 2527 860 2559 Belae
880 2528 949 2562 ΙΙΙ.
972 2531 1073 2572 Regis
1093 2534 1282 2576 Hungan'ae,
1305 2537 1338 2568 in
1361 2547 1424 2579 quo
1452 2540 1487 2572 fit
1514 2542 1636 2573 mentio
1669 2541 1756 2575 Pauli
1780 2545 1891 2576 notarii

90 2569 176 2602 1301ae
198 2571 361 2614 ejusdem,
385 2576 495 2618 postea
522 2577 598 2611 faeti
624 2578 759 2625 Epifiopi
777 2583 976 2623 ultraſssvani:
1004 2585 1087 2617 unde
1108 2587 1192 2620 haud
1221 2589 1443 2633 improbabilis
1465 2592 1649 2635 conjed'cura
1674 2595 1742 2628 ficri
1764 2599 1889 2639 potest,

91 2622 175 2655 hunc
191 2626 287 2666 ipsum
308 2627 433 2663 Paulum
452 2631 553 2664 latere
572 2633 625 2667 sub
646 2637 795 2678 Arm-ymo
825 2637 896 2668 Eelae
920 2637 1009 2681 Regis
1033 2638 1174 2675 Notario.
