2065 2927
506 67 605 122 CO
633 65 1124 121 NSPECTUS
1191 67 1532 122 OPERIS.

117 211 246 259 CAP.
277 211 328 257 ΙΙ.
362 203 613 253 Αυᾶοτίωε
645 202 884 251 Marcellini
916 202 1105 253 Comitis
1137 203 1191 250 de
1224 220 1434 263 occupata
1465 222 1577 253 anno
1599 220 1695 266 377.
1714 213 1763 255 ab
1790 210 1915 255 Hun-

291 287 354 333 nis
387 282 609 332 Pannonia
640 279 913 340 defenditur,
945 283 1164 340 statusque
1195 283 1515 331 Pannoniarum
1548 284 1657 332 illius
1703 288 1912 345 temporis

287 362 551 410 describitur.
584 378 625 420 p.
662 370 756 419 176.

111 445 242 493 CAP.
274 444 346 490 III.
381 441 657 499 Ostendimr,
690 456 776 485 non
809 455 947 486 totam
971 436 1228 484 Pannoniam
1252 455 1367 486 anno
1386 454 1483 499 377.
1508 444 1558 486 ab
1588 441 1907 491 Hunnis-fuifl'e

284 536 572 579 occupatam‘
605 520 674 566 sed
705 518 802 565 loca
843 516 1035 574 munita,
1077 516 1190 563 inter
1231 532 1327 575 quae
1358 517 1532 565 Sabaria
1570 537 1752 581 quoque
1797 523 1909 583 fuit,

289 597 484 646 manfiffe
515 599 557 644 in
589 597 806 657 potestate
840 598 1151 643 Romanorum.
1183 610 1225 653 p.
1260 610 1356 654 179.
1407 589 1409 592 ⁸

111 677 237 726 CAP.
268 679 344 726 IV.
378 679 451 724 De
493 676 568 734 iis,
609 692 705 734 quae
749 673 938 733 primum
979 675 1242 720 Hunnorum
1291 673 1334 719 in
1384 675 1626 723 Pannonias
1666 677 1903 737 ingressum

282 755 507 803 subsecuta
537 754 632 802 sunt
663 769 744 812 per
775 768 910 798 annos
942 750 1265 810 quinquaginta.
1299 770 1343 812 p.
1378 764 1472 814 183.

111 835 239 884 CAP.
273 837 326 881 V.
362 836 437 882 De
468 833 651 881 secundo
682 832 938 878 Hunnorum
970 830 1013 876 in
1046 831 1287 878 Pannonias
1318 832 1540 893 ingressor,
1585 853 1636 881 ac
1680 838 1734 883 de
1775 853 1909 895 expu-

283 913 485 974 gnatione
517 909 692 967 Sirmii,
722 910 771 959 8<
802 909 989 956 Sabariae
1032 926 1110 968 per
1138 910 1333 958 Attilam.
1375 915 1484 960 Item
1526 915 1579 961 de
1612 915 1755 962 ίειηᾶο
1788 919 1906 964 Leon

285 990 411 1038 niano
444 985 682 1036 Sabarienfi
711 987 754 1033 in
787 985 948 1036 Gallias
979 986 1178 1034 abdufim.
1211 1004 1252 1047 p.
1290 999 1383 1048 189.

109 1071 236 1120 CAP.
272 1070 342 1116 VI.
374 1066 529 1135 Brevis
558 1066 713 1113 notitia
744 1066 890 1126 Regni
911 1065 1117 1123 Gothici,
1150 1066 1200 1114 &
1230 1069 1554 1128 Longobardici
1587 1070 1628 1116 in
1659 1074 1904 1136 Pannonia,

276 1164 356 1195 nec
388 1163 475 1193 non
507 1144 741 1195 eversionis
773 1144 972 1192 Sabariae.
1004 1161 1046 1203 p.
1081 1157 1176 1199 193.

109 1227 239 1276 CAP.
274 1218 473 1274 V11.'De
513 1229 553 1272 S.
586 1224 779 1272 Martino
811 1221 1122 1280 Braccarenfi,
1163 1225 1339 1271 natione
1377 1227 1605 1274 Pannonio
1644 1230 1903 1291 Sabarienffi

279 1323 328 1352 ac
360 1305 414 1352 de
444 1303 574 1352 rebus
605 1304 839 1351 Pannoniae
871 1303 944 1351 sub
979 1303 1203 1352 Avaribus.
1235 1320 1276 1362 p.
1314 1319 1408 1363 199.

104 1385 240 1432 CAP.
274 1387 386 1433 VIII.
422 1386 494 1432 De
523 1384 652 1432 rebus
670 1383 878 1441 Sabariae,
911 1383 1138 1443 totiusque
1160 1385 1388 1431 Pannoniae
1419 1383 1491 1433 sub
1523 1387 1710 1435 Francis.
1742 1405 1785 1447 p.
1804 1404 1900 1448 204.

104 1463 239 1511 CAP.
271 1465 346 1510 IX.
380 1465 452 1511 De
496 1463 682 1510 cladibus
726 1464 960 1510 Pannoniae
1012 1479 1090 1521 per
1132 1461 1240 1509 bella
1281 1465 1511 1512 Moravica
1554 1465 1713 1525 illatis,
1757 1468 1806 1516 &
1847 1487 1901 1516 an

276 1540 579 1587 Sventibaldus
608 1544 901 1587 Moravorum
930 1543 1034 1585 Dux
1063 1541 1330 1587 Pannoniam
1363 1542 1633 1600 possederit?
1665 1563 1705 1604 p.
1742 1562 1839 1603 214.

105 1618 240 1664 CAP.
272 1617 325 1661 X.
359 1613 1899 1682 DefinibusMagnaeMoraviaeeConstantinoPorpliyrogenito.p.218,

102 1693 231 1742 CAP.
265 1695 337 1741 XI.
370 1695 444 1741 De
474 1693 590 1742 sacra
622 1695 902 1753 expeditione
933 1694 1008 1742 SS.
1042 1693 1226 1753 Cyrilli,
1252 1694 1304 1744 ὃς
1327 1697 1550 1745 Methodii
1580 1701 1632 1746 ad
1654 1702 1897 1763 Moravos,

273 1772 470 1831 aliosque
498 1771 679 1821 Sclavos
708 1773 751 1819 in
780 1773 1047 1820 Pannoniam
1082 1773 1285 1833 suscepta.
1324 1792 1367 1834 p.
1393 1792 1486 1837 223.

97 1855 225 1903 CAP.
259 1854 353 1900 ΧΠ.
388 1852 459 1898 De
499 1850 674 1898 Sabaria
696 1888 712 1910 ,
752 1853 802 1901 δε
838 1853 1092 1913 quibusdam
1128 1851 1219 1899 aliis
1258 1858 1485 1903 Pannoniae
1519 1856 1652 1917 Iocis,
1690 1860 1890 1909 Ecclefiae

270 1929 581 1988 Salisburgenfi
618 1947 697 1989 per
730 1931 977 1979 Germaniae
1009 1935 1154 1992 Reges
1189 1933 1422 1982 attributis.
1452 1953 1495 1994 p.
1534 1952 1632 1995 229.

584 2115 866 2164 LIBER
937 2118 1385 2168 SEPTIMUS

220 2204 303 2256 De
326 2204 443 2266 {iata
476 2204 746 2270 Rmnoniae‚
777 2207 1040 2276 Remumque
1075 2207 1394 2272 Sabariesfia'm
1419 2210 1504 2273 snb
1533 2208 1770 2276 Hungaris

597 2289 650 2340 ab
684 2304 791 2339 almo
821 2289 980 2352 Chi-isti
1012 2306 1127 2356 900.
1158 2293 1217 2340 ad
1238 2300 1381 2358 1578.

103 2426 398 2513 CAPUT
430 2466 460 2511 I.
501 2465 575 2512 De
616 2465 908 2525 occupatione
946 2465 1175 2513 Pannoniae
1211 2483 1292 2526 per
1323 2469 1594 2529 Hungaros,
1631 2469 1879 2531 horumque

268 2541 320 2589 ad
349 2538 478 2590 fidem
511 2543 781 2593 christianam
810 2543 1105 2594 conversione.
1136 2562 1178 2604 p.
1207 2561 1302 2605 233.

1513 2646 1535 2672 C
