2065 2927
96 112 169 150 374
711 93 944 133 [ΑΒΜ
1023 92 1236 131 NONI

97 215 122 233 „
152 199 283 225 manus
308 184 474 234 Capituli
499 179 700 227 custodis,
724 190 842 229 porro
869 177 1005 215 floreni
1025 176 1083 213 bis
1109 178 1213 216 mille
1241 178 1449 227 oeiingenti
1469 177 1515 214 ad
1538 178 1786 218 Seminarium
1808 181 1883 220 Ge·

97 275 122 293 ,‚
152 248 275 286 nerale
294 246 397 283 Cleri
418 244 542 292 Regni
562 242 784 290 Hungariae,
813 253 882 290 pro
907 238 1174 277 intertenendis
1194 251 1358 289 nempe,
1385 253 1425 278 ut
1447 253 1531 279 ante
1554 241 1695 280 dietum
1714 271 1727 291 ,
1762 244 1808 281 ad
1831 258 1885 283 ra-

97 338 121 357 ,‚
150 312 294 349 tionem
318 306 502 345 Dioecesis
527 301 634 354 hujus
657 303 882 340 Sabarienfis
899 302 1034 339 iisdem
1057 313 1215 339 numero
1247 304 1538 349 quatuordecim
1565 305 1765 353 Alumnis,
1785 309 1884 346 acin

97 401 122 418 ,‚
150 370 396 410 Univerfitate
419 367 542 404 nostra
568 367 687 414 Regia
710 364 838 402 studiis
861 377 1016 414 operam
1041 363 1181 400 daturis
1198 391 1209 409 ,
1236 375 1307 401 nec
1330 377 1407 401 non
1426 367 1618 413 quibusvis
1638 368 1720 404 aliis
1743 381 1880 407 eorun-

96 462 121 480 ,‚
149 435 235 470 dem
259 432 497 469 (Ilericorum
522 427 797 465 necessitatibus
825 426 1019 476 explendis
1035 456 1046 476 ,
1068 428 1214 464 ratione
1232 440 1393 475 quorum
1418 442 1462 467 ex
1483 443 1585 480 parte
1607 431 1791 469 Dioecefis
1816 433 1884 468 hu-

99 522 123 541 „
150 493 207 545 jus
229 506 315 530 cum
338 491 519 530 Praefec‘lo
539 489 709 541 ejusdem
727 490 925 528 Seminarii
947 491 1144 528 Generalis
1170 491 1340 527 &astatus
1365 491 1430 528 suo
1463 495 1582 532 modo
1618 496 1783 544 inibitur,
1817 509 1882 545 per

97 584 122 602 „
152 569 221 594 nos
248 554 403 592 subinde
423 554 631 591 clementer
651 552 914 599 ratificandus,
950 554 1019 591 rite
1043 552 1322 603 dependantur3
1357 554 1483 601 quoad
1517 556 1696 593 residuam
1723 568 1844 594 autem
1870 585 1884 605 ‚

96 647 120 666 ‚,
147 620 186 658 &
207 631 226 654 a
243 616 544 667 ptaespecificatis
576 625 735 662 quatuor
766 614 870 650 mille
897 615 1053 653 florenis
1085 617 1381 665 supernatantem
1415 630 1694 667 proventuum,
1723 633 1766 657 ac
1788 621 1887 659 redi-

97 707 122 725 „
150 692 254 716 tuum
279 678 498 721 Summam,
527 688 780 714 memoratum
807 676 1025 726 Capitulum
1058 678 1298 724 Sabariense,
1338 691 1453 728 penes
1487 679 1591 727 quod
1613 680 1883 720 administratio

95 770 120 788 „
148 743 329 791 deinceps
350 741 498 790 semper
520 740 686 777 mansura
711 740 786 785 est,
810 741 1096 789 modalitatem,
1124 754 1194 788 qua
1215 742 1485 791 percipiendos
1511 755 1556 780 ex
1585 742 1723 781 eodem
1747 745 1886 783 Domi-

95 833 121 852 „
149 808 215 844 nio
241 806 346 859 Nyul
370 815 577 854 proventus
606 816 674 852 pro
706 803 875 839 antelatis
901 803 960 839 seu
985 802 1243 839 deficientium
1278 805 1566 851 parochorum,
1595 805 1655 841 seu
1692 819 1785 844 vero
1808 808 1889 844 aliis

96 895 121 915 ‚‚
150 867 375 906 Dioeceseos
398 864 674 904 necessitatibus
698 863 889 912 applicare
910 892 922 911 ‚
942 863 980 901 ὅ(
1005 863 1224 913 impendere
1247 865 1442 910 intendet,
1466 866 1603 914 praevie
1625 866 1771 915 semper
1796 868 1888 917 Epi-

95 958 120 976 „
147 934 267 982 scopo
294 940 532 981 proponere,
559 928 796 975 rationesque
819 927 865 964 de
888 930 1102 977 perceptis,
1143 929 1182 967 &
1216 930 1380 977 erogatis
1407 927 1530 965 eidem
1562 929 1762 975 quotannis
1785 931 1889 966 exhi-

95 1019 121 1037 „
150 993 260 1040 bere,
289 1003 332 1027 ac
349 991 502 1028 demum
522 1001 589 1038 per
612 989 847 1039 Episcopum
870 990 1051 1038 inspeflas
1070 991 1147 1039 pari
1167 991 1312 1028 ratione
1326 1018 1338 1039 ,
1367 991 1420 1028 uti
1442 990 1512 1027 alia
1531 990 1703 1039 Capitula
1724 990 1883 1040 faciunt,

96 1082 121 1101 ‚,
151 1055 322 1092 Conlilio
343 1052 473 1090 nostro
492 1052 618 1100 Regio
635 1053 971 1090 Locumtenentiali
996 1053 1214 1101 Hungarico
1239 1053 1497 1102 repraesentare
1518 1051 1676 1101 debeat,
1705 1065 1814 1102 atque
1837 1066 1889 1092 te-

96 1144 121 1162 „
149 1128 289 1155 nec-tur.
342 1115 469 1152 Immo
491 1113 740 1163 assignamus,
787 1115 1046 1163 conferimuS,
1075 1115 1286 1163 donamus,
1316 1114 1356 1152 δέ
1385 1114 1582 1152 fundamus
1606 1127 1818 1165 perpetuo,
1849 1117 1888 1154 ἃ

96 1206 121 1224 ‚‚
150 1178 451 1218 irrevocabiliter
487 1176 719 1225 tenendum,
759 1176 1045 1227 possidendum,
1084 1178 1123 1216 &
1154 1177 1367 1214 habendum
1390 1178 1557 1227 pariter,
1596 1177 1636 1215 ὃ(
1670 1177 1888 1214 usuandum.

97 1269 122 1288 ,‚
151 1244 256 1280 Dum
280 1243 393 1290 igitur
413 1240 606 1277 salutarem
630 1241 725 1276 hanc
747 1238 1008 1277 fundationem
1029 1242 1157 1277 animo
1180 1239 1417 1286 deliberato,
1446 1239 1486 1277 &
1509 1240 1555 1276 de
1569 1239 1801 1289 plenitudine
1816 1242 1889 1277 Ρο-

97 1331 123 1350 „
152 1305 288 1342 testatis
311 1302 457 1340 Nostrae
480 1303 635 1350 Regiae,
667 1315 737 1349 qua
761 1302 902 1339 summa
921 1304 958 1340 in
985 1303 1140 1352 praefato
1167 1305 1306 1352 Regno
1328 1303 1456 1339 nostro
1481 1304 1678 1352 Hungariae
1705 1304 1890 1341 Ecclesia-

97 1394 123 1414 „
151 1381 231 1404 rum
261 1367 336 1403 Dei
357 1367 538 1409 Patrona,
585 1378 655 1414 pro
680 1365 788 1401 solita
807 1365 930 1401 nostra
951 1378 1037 1412 erga
1070 1366 1194 1404 Deum
1219 1367 1382 1414 pietate,
1419 1366 1458 1404 ὅ(
1479 1365 1524 1402 ad
1549 1365 1734 1416 majorem
1765 1368 1887 1405 cultus

97 1457 123 1476 ‚,
151 1430 284 1468 Divini
306 1429 620 1478 promotionem,
650 1426 949 1474 onhodoxaeque
971 1428 1184 1476 Religionis
1209 1429 1525 1477 propagationem
1545 1456 1558 1475 ,
1588 1441 1699 1477 prout
1722 1429 1761 1466 ἃς
1783 1430 1889 1467 Cleri

96 1520 122 1538 „
152 1489 278 1542 (cujus
302 1491 452 1529 devotis
478 1489 523 1525 ad
546 1489 672 1526 Deum
699 1488 896 1537 precibuS,
928 1489 966 1528 &
986 1489 1165 1540 suffragiis
1188 1489 1303 1527 fausta
1322 1518 1333 1538 ‚
1373 1489 1413 1527 &
1437 1489 1563 1527 felicia
1593 1492 1750 1541 suscepti
1775 1493 1890 1540 Regi-

95 1581 121 1600 „
151 1555 263 1592 minis
282 1553 557 1603 gubernacula,
587 1551 871 1601 prosperitatem
896 1566 1088 1589 armorum
1104 1581 1116 1599 ,
1147 1553 1186 1591 &
1208 1552 1396 1590 secundos
1425 1552 1597 1590 adversus
1619 1554 1744 1592 hostes
1771 1555 1889 1592 vieto-

97 1645 122 1663 „
151 1619 285 1654 riarum
309 1615 517 1661 succeffus,
551 1615 806 1664 Imperiique,
849 1614 889 1652 &
919 1615 1093 1663 Augustae
1120 1617 1271 1653 Domus
1298 1615 1446 1653 Nostra:
1483 1615 1703 1654 felicitatem
1737 1618 1889 1654 ulterius

97 1707 123 1725 ‚‚
153 1691 306 1729 quoque
326 1691 397 1715 nos
421 1677 683 1715 consecuturas
713 1679 774 1727 pie
809 1677 1059 1725 confidimus)
1085 1678 1384 1715 commodorum
1417 1679 1695 1717 incrementum
1718 1679 1890 1716 constan-

97 1768 123 1787 „
151 1754 205 1780 ter
228 1741 366 1778 direeh
392 1752 481 1777 cura
503 1767 514 1787 ,
540 1740 815 1786 sollicitudine,
845 1741 883 1778 ἃ]
908 1741 1100 1789 vigilantia
1132 1740 1255 1778 nostra
1277 1740 1442 1789 benigne
1464 1741 1713 1784 instituimu53
1742 1753 1811 1778 una
1834 1743 1891 1778 ni-

98 1831 124 1849 „
153 1805 205 1841 hil
225 1804 375 1855 prorsus
401 1802 627 1851 ambigimus
643 1831 653 1849 ,
683 1804 769 1850 quin
794 1803 907 1839 nostri
925 1815 1077 1850 quoque
1094 1804 1132 1839 in
1151 1804 1352 1852 Regimine
1366 1802 1606 1841 Succeffores
1628 1802 1890 1852 pientisiiniam

102 1893 128 1911 ‚,
156 1869 300 1905 hancce
332 1864 609 1902 ordinationem
639 1866 801 1902 nostram
832 1877 908 1912 non
935 1866 1053 1902 modo
1085 1865 1317 1917 adimplere,
1356 1866 1447 1913 quin
1480 1865 1606 1914 potius
1633 1865 1787 1902 eandem
1819 1878 1890 1915 pro

101 1956 126 1974 ‚,
154 1930 296 1966 ratione
321 1927 680 1966 circumstantiarum
702 1929 811 1964 novis
833 1930 944 1966 etiam
968 1929 1118 1976 gratiis,
1148 1929 1188 1967 ὅ(
1206 1927 1399 1965 favoribus
1420 1939 1557 1976 augere
1578 1928 1803 1964 omnimode
1828 1928 1893 1964 ad—

101 2018 126 2035 „
154 1993 324 2029 nitentur.
389 1992 634 2040 Quapropter
667 1990 829 2039 benigne
866 1990 1132 2040 praeeipimuS,
1171 1991 1211 2030 ὅ(
1240 1990 1489 2037 mandamus,
1525 2002 1687 2037 quorum
1716 1990 1892 2040 interest,

101 2080 126 2099 „
154 2055 213 2092 vel
237 2055 276 2090 in
297 2053 460 2090 futurum
486 2054 679 2101 intererit,
709 2053 910 2101 univerfis,
940 2064 1119 2102 quatenus
1142 2054 1360 2104 praesentem
1376 2054 1571 2091 salutatem
1594 2052 1890 2102 Fundationem‚

104 2142 129 2160 „
158 2117 195 2154 ὅ(
218 2116 512 2153 Ordinationem
546 2116 710 2153 nostram
744 2117 780 2152 in
801 2115 995 2164 quibusvis
1029 2117 1180 2153 evenire
1210 2116 1435 2164 queuntibus
1468 2114 1610 2153 cafibus
1643 2115 1690 2151 ad
1721 2116 1908 2153 amussim·

102 2203 128 2223 „
156 2177 351 2217 observare
373 2179 572 2226 noverint,
601 2190 722 2226 neque
740 2177 863 2214 eidem
884 2176 949 2215 sub
967 2178 1115 2216 incursu
1136 2177 1407 2227 indignationis
1436 2176 1568 2214 nostrae
1590 2178 1721 2226 Regiae
1743 2190 1891 2226 quaqua

102 2267 128 2286 „
155 2241 299 2277 ratione
319 2241 581 2279 contravenire
606 2241 838 2290 praesumant.
893 2240 937 2277 In
967 2253 1129 2288 quorum
1164 2239 1283 2292 majus
1311 2241 1448 2289 robur,
1486 2241 1779 2288 firmitatemque
1807 2253 1893 2290 per-

105 2329 130 2348 „
157 2314 308 2352 petuam
332 2306 442 2342 hasce
463 2304 610 2341 secreto
630 2303 767 2351 Sigillo
802 2303 959 2347 nostro,
990 2317 1066 2351 quo
1088 2315 1127 2341 ut
1162 2305 1307 2353 Regina
1335 2303 1531 2351 Hungariae
1564 2302 1789 2351 Apostolica
1821 2305 1893 2340 uti-

103 2392 130 2411 „
157 2379 262 2414 mur,
290 2365 523 2414 impendenti
542 2367 794 2403 eommunitas
819 2365 1063 2403 extradandas
1085 2366 1284 2415 duximus,
1313 2365 1353 2404 ὅ(
1375 2364 1641 2403 concedendas
1654 2366 1794 2402 Literas
1805 2364 1890 2401 fun—

105 2455 130 2473 „
159 2428 377 2466 dationales.
431 2430 570 2465 Datum
593 2441 658 2478 per
681 2441 809 2465 manus
830 2428 952 2466 fidelis
973 2429 1090 2466 nostri
1122 2428 1232 2466 nobis
1257 2428 1398 2467 sincere
1421 2428 1547 2465 dileffi
1573 2426 1818 2477 Speftabilis,
1847 2437 1892 2463 ac

105 2519 130 2536 ‚‚
159 2491 356 2539 Magnifici
379 2490 542 2527 Comitis
565 2492 755 2528 francisci
777 2492 1005 2546 Eszterhazy
1023 2490 1070 2528 de
1091 2492 1297 2539 Galantha,
1336 2491 1510 2540 Perpetui
1535 2491 1573 2526 in
1605 2489 1756 2526 FraKno
1771 2515 1782 2535 ,
1811 2487 1892 2524 Au-

106 2581 130 2597 „
159 2555 210 2590 rei
240 2552 409 2599 velletis,
438 2551 476 2589 &
496 2564 566 2587 una
590 2552 747 2601 insignis
778 2553 936 2590 Ordinis
971 2554 1006 2591 S.
1040 2554 1219 2602 Stephani
1242 2555 1357 2602 Regis
1386 2553 1602 2604 Apostolici
1633 2563 1774 2599 magnae
1797 2551 1893 2588 Cru-

107 2642 132 2659 ,‚
160 2616 214 2652 cis
234 2615 408 2662 Equids,
437 2614 666 2662 Camerarii,
696 2615 984 2663 Confluat-iique
1008 2616 1123 2653 nostri
1145 2617 1293 2653 aemulis
1318 2617 1462 2665 intimi,
1507 2615 1720 2653 Comitatus
1761 2614 1892 2651 Moso-
