2065 2927
673 126 951 168 cin-UT
1029 128 1464 180 QUARTUM.
1924 135 1971 177 25

182 219 356 260 flr‘Iarz'ino
391 218 527 256 nullam
559 216 713 267 prorsus
745 216 979 254 mentionem
1009 212 1185 264 injiciat,
1221 216 1283 253 vix
1323 225 1424 252 certe
1456 225 1534 251 rem
1565 214 1662 249 hanc
1701 210 1849 250 filentio
1883 224 1975 265 prat·

180 282 406 322 termi'ssiirus
423 309 435 330 ,
460 281 486 317 fi
510 276 588 330 jam
616 289 702 316 tunc
730 291 772 317 ea
797 279 957 328 opinio,
984 278 1196 326 antiquiore
1226 279 1400 328 quapiam
1427 275 1630 315 traditione
1652 274 1769 324 fulta,
1796 274 1977 325 viguisset.

183 349 360 384 Praeterea
391 343 618 392 opinionem
644 344 741 379 hanc
766 341 892 380 solido
917 340 1163 379 fundamento
1189 340 1399 378 destitutam
1423 338 1553 387 fuiffe‚
1586 337 1673 378 inde
1707 351 1860 388 quoque
1885 350 1978 376 con-

180 408 309 459 jicias,
347 405 453 454 quod
482 406 534 442 ita
572 405 703 442 senfim
731 404 947 452 evanuerit,
982 415 1021 442 ut
1057 416 1076 440 a
1109 401 1281 453 pluribus
1314 399 1391 450 jam
1423 401 1565 438 saeculis
1593 402 1781 438 neminie
1806 401 1977 451 Scripto—

185 472 287 509 ribus
320 482 443 508 rerum
469 469 761 517 hungaricarum
795 468 832 504 in
861 477 1027 504 mentem
1055 466 1200 505 venerit
1235 463 1428 513 adserere,
1459 462 1588 501 divum
1615 461 1829 502 Martinam
1859 463 1976 512 alibi,

188 545 297 581 quam
333 532 371 569 in
404 530 587 569 hodierna
618 529 802 577 Sabaria,
838 529 1052 567 Comitatus
1084 526 1320 565 Castriferrei
1351 527 1527 575 civitate,
1557 527 1674 576 vulgo
1703 522 1980 575 Szombatlteb‘,

193 597 232 635 δε
271 593 369 633 Stein
400 607 459 631 am
486 592 609 646 Anger
641 593 738 630 dieta
764 618 776 641 ,
823 592 982 642 primam
1014 591 1139 629 lucem
1167 589 1382 640 adspexiffe.
1424 588 1556 628 Testes
1592 586 1701 638 hujus
1733 590 1787 627 rei
1827 588 1979 639 adpello

192 656 393 706 Bonfinium
424 658 521 695 Dec.
550 657 579 695 Ι.
605 658 692 694 Rer.
717 656 839 703 Hung.
867 653 930 690 lib.
951 653 981 691 I.
1012 666 1047 703 p.
1082 663 1142 697 24.
1170 651 1391 698 Rauranum
1422 653 1460 689 in
1492 652 1592 702 Epit.
1619 652 1707 688 Rer.
1737 651 1852 700 Hung
1883 653 1928 689 T.
1951 651 1980 690 I.

187 721 321 769 Script.
350 721 476 768 Hung.
505 732 539 768 p.
578 729 661 766 33⁸-
694 717 900 755 Nicolaum
935 712 1095 753 Olahum
1125 715 1190 752 lib.
1214 716 1243 753 Ι.
1276 714 1324 752 de
1358 716 1549 764 Hungaria
1576 742 1589 763 ‚
1625 713 1666 752 &
1694 713 1814 754 Atti-la
1845 713 1878 762 §.
1908 714 1978 752 ΙΙΙ.

190 797 223 834 p.
253 794 307 827 14.
339 782 492 820 Paulum
528 779 845 831 Gregoranczium
870 779 908 814 in
940 779 1047 816 Brev.
1079 778 1165 815 Rer.
1198 779 1322 826 Hung.
1353 777 1452 828 apud
1478 776 1547 815 Bel
1572 776 1610 812 in
1638 775 1830 826 Adparatu
1855 777 1980 825 Hung.

183 860 220 897 p.
250 858 330 884 102.
365 845 442 892 seq.
481 838 726 891 Inchofferum
753 843 798 879 T.
825 840 854 878 I.
885 839 1018 878 Annal.
1047 840 1155 877 Eccl.
1188 840 1311 889 Hung.
1343 841 1383 878 in
1418 840 1569 888 Proieg.
1606 852 1643 889 p.
1674 840 1759 879 XV.
1797 837 1982 878 Timonem

192 909 310 957 imag.
339 908 464 955 Hung.
488 916 560 942 ant.
587 903 650 939 lib.
673 903 700 940 Ι.
731 914 811 952 cap.
836 902 901 940 XI.
930 901 1077 939 Omnes
1102 901 1265 951 denique
1291 902 1509 952 Scriptores
1538 902 1705 951 patrios,
1740 913 1930 950 quotquot
1962 915 1983 940 a

190 969 425 1020 temporibus
452 961 611 1004 Mathiae
635 963 780 1002 Corvini
807 964 854 1001 ad
885 964 1049 1002 nostram
1078 964 1192 1012 usque
1217 976 1362 1003 anatem
1385 967 1462 1002 hoc
1485 975 1748 1013 argumentum
1769 966 1982 1013 attigerunt.

363 1032 412 1068 Et
439 1038 530 1066 vero
561 1026 664 1064 sacer
694 1039 805 1064 mons
832 1028 1033 1066 Pannoniae
1061 1039 1108 1065 ex
1134 1027 1312 1064 omnibus
1343 1026 1416 1064 illis
1448 1027 1630 1075 criteriis,
1657 1026 1792 1075 quibus
1822 1024 1979 1075 Plinius,

191 1093 418 1139 Ptolemaeus,
451 1091 491 1129 &
525 1088 761 1127 itinerarium
800 1090 986 1127 Antonini
1028 1089 1134 1126 {itum
1173 1088 1336 1127 Sabaria
1371 1089 1624 1128 determinant
1645 1118 1658 1138 ,
1696 1090 1790 1126 nihil
1822 1090 1982 1127 omnino

190 1157 308 1195 habet.
343 1153 494 1193 Etenim
524 1152 687 1202 primum
718 1164 796 1190 non
827 1152 880 1190 est
910 1154 949 1189 in
972 1153 1109 1190 vicinia
1139 1153 1276 1190 veteris
1305 1153 1468 1198 Norici3
1496 1152 1582 1189 dein
1605 1151 1652 1189 ad
1676 1153 1794 1202 ripam
1816 1153 1984 1191 Danubii

188 1219 376 1271 propius,
400 1228 511 1264 quam
538 1214 577 1252 id
604 1215 764 1252 §avaria
787 1216 982 1254 Ptolemaei
1016 1216 1202 1264 requirat,
1228 1215 1398 1254 accedit:
1429 1227 1606 1266 praeterea
1636 1214 1688 1252 est
1723 1214 1816 1252 infra
1847 1216 1983 1254 ostium

189 1277 413 1326 arrabonis,
454 1290 531 1326 quo
564 1278 745 1327 Superior
772 1280 991 1326 Pannonia,
1019 1278 1065 1315 ad
1100 1291 1212 1326 quam
1250 1276 1411 1317 Sabaria
1444 1277 1676 1328 pertinebat,
1705 1279 1983 1317 terminabatur.

184 1341 290 1384 Idem
321 1342 531 1379 nullatenus
566 1340 770 1391 respondet
802 1342 983 1380 mensuris
1019 1342 1327 1389 intervallorum,
1359 1341 1493 1390 quibus
1529 1340 1764 1379 Itinerarium
1796 1341 1985 1387 Antonini

181 1405 380 1446 Sabariam
413 1418 433 1442 a
467 1402 633 1453 Mursa,
670 1402 947 1450 Scarabantia,
979 1405 1018 1444 ἃ
1053 1403 1272 1444 Vindobona
1305 1403 1478 1454 sejungit.
1519 1405 1632 1443 Caret
1662 1405 1811 1454 insuper
1841 1405 1986 1454 fluxio,

189 1470 227 1507 in
251 1466 357 1518 cujus
393 1469 472 1518 ripa
503 1465 636 1505 stetisse
671 1465 870 1505 Sabariam
894 1467 988 1505 Acta
1019 1468 1142 1506 Sancti
1168 1466 1312 1522 Quirini
1348 1469 1527 1523 Martyris
1559 1468 1748 1506 testantur.
1781 1467 1892 1505 Adde
1924 1468 1982 1509 his

192 1529 393 1576 omnibus,
429 1528 532 1576 quod
575 1530 672 1566 nulla
711 1529 772 1566 seu
810 1530 848 1565 in
881 1531 958 1568 hoc
984 1542 1116 1568 monte
1139 1559 1151 1577 ,
1196 1532 1257 1568 seu
1290 1529 1394 1582 juxta
1433 1532 1539 1569 illum
1575 1532 1797 1581 reperiantur
1835 1531 1989 1580 aessigia

190 1592 353 1630 civitatis
380 1592 588 1638 Romanae,
622 1602 743 1637 neque
774 1589 826 1626 ibi
853 1588 1045 1640 ejusmodi
1075 1584 1371 1640 Inscriptiones‘fi
1405 1595 1531 1640 quales
1564 1596 1602 1630 in
1631 1592 1729 1630 Stein
1761 1607 1820 1630 arn
1847 1593 1986 1644 Anger,

190 1655 250 1692 seu
282 1649 569 1701 Szombatlzely,
603 1664 740 1699 nempe
773 1653 930 1688 nomine
957 1652 1107 1689 Coloniae
1129 1651 1289 1689 Claudiae
1315 1652 1476 1691 Savariae
1503 1654 1665 1702 inssgnes
1682 1682 1693 1701 ,
1720 1654 1958 1692 effodiuntur.

374 1714 516 1751 Verum
544 1714 614 1750 erit
635 1712 809 1761 fortasse,
837 1714 901 1761 qui
932 1712 1130 1750 arbitretur
1157 1726 1204 1751 eo
1234 1711 1311 1764 jam
1346 1726 1541 1764 tempore,
1571 1728 1648 1762 quo
1683 1716 1837 1753 sanetus
1869 1715 1986 1754 Mar-

190 1776 283 1815 tinus
310 1787 415 1813 natus
442 1776 522 1824 est,
553 1777 759 1824 nimirum,
798 1777 949 1814 ineunte
980 1776 1115 1813 saeculo
1147 1789 1225 1814 aerae
1257 1777 1464 1814 christianae
1496 1790 1650 1826 quarto,
1689 1777 1779 1815 duas
1816 1780 1854 1814 in
1891 1780 1985 1816 Pan-

191 1840 317 1876 noniis
347 1838 542 1885 civitates,
578 1837 681 1874 idem
718 1836 879 1876 Sabariae
910 1849 1054 1875 nomen
1084 1838 1295 1887 habentes,
1330 1839 1508 1887 extitisse,
1545 1854 1589 1879 ex
1620 1840 1754 1889 quibus
1782 1853 1861 1878 non
1891 1841 1986 1891 illa,

188 1914 269 1949 quae
300 1900 369 1938 fuit
407 1901 620 1950 Superioris
653 1901 856 1938 Pannoniae
884 1902 1147 1951 metropolis,
1185 1902 1247 1940 sed
1279 1903 1392 1941 altera
1428 1904 1551 1941 minus
1588 1904 1775 1953 celebr-is,
1802 1905 1985 1943 natalibus

191 1964 316 2001 Sanfti
339 1961 507 2001 Marini
528 1963 763 2001 inclaruerit:
791 1965 870 2001 haec
891 1965 967 2014 ipsa
992 1964 1195 2013 videlicet,
1222 1979 1303 2013 quae
1324 1963 1425 2015 juxta
1449 1979 1619 2005 montem
1642 1968 1841 2005 Pannoniae
1863 1967 1987 2005 adhuc

192 2025 256 2063 sub
280 2027 386 2074 Rege
423 2023 512 2062 Bela
533 2022 600 2063 JV.
634 2038 774 2064 nomen
804 2025 964 2064 Sabaria
992 2027 1155 2065 retinuit.
1187 2029 1321 2066 Valeat
1349 2031 1425 2066 hoc
1454 2029 1634 2079 effugium
1660 2030 1758 2080 apud
1781 2031 1894 2079 illos,
1923 2032 1988 2079 qui

188 2098 324 2125 tantam
353 2086 621 2138 diplomatibus
637 2117 650 2137 ,
677 2100 720 2124 ac
748 2089 1004 2138 Scriptoribus
1030 2089 1146 2128 medii
1171 2091 1238 2128 aevi
1263 2091 1429 2130 tribuunt
1453 2094 1710 2131 auetoritarem
1727 2121 1738 2142 ,
1761 2104 1798 2130 ut
1818 2093 1864 2129 iis
1889 2104 1977 2131 tunc

196 2150 331 2198 etiam,
363 2163 450 2188 cum
485 2163 543 2188 res
580 2152 706 2188 multis
736 2162 819 2190 ante
854 2152 996 2189 saeculis
1026 2153 1228 2202 praeteritas
1265 2154 1338 2191 fine
1371 2156 1585 2203 antiquiore
1624 2155 1714 2192 teste
1749 2167 1990 2194 commem&

194 2223 299 2258 rant,
333 2211 446 2249 fidem
483 2213 554 2251 effe
587 2214 796 2268 habendam
830 2214 1053 2253 existiment.
1085 2214 1198 2253 Certe
1220 2216 1412 2267 duplicem
1444 2219 1481 2254 in
1509 2218 1704 2255 Pannonia
1724 2218 1898 2255 Romana
1922 2216 1988 2256 Sa-

191 2272 335 2312 bariam
367 2274 544 2313 civitatem
575 2278 727 2326 ignorat
753 2277 934 2315 vetustior
967 2279 1220 2329 Geographia.
1254 2281 1442 2329 Sulpicius
1475 2280 1623 2318 Severus
1653 2281 1779 2318 Sane-ti
1804 2279 1985 2329 Anartini,

196 2336 307 2372 toties
336 2341 561 2385 memorati,
587 2340 817 2390 discipulus,
849 2340 1022 2390 perhibet
1053 2341 1174 2391 ipsum
1199 2341 1361 2383 Sabaria
1390 2342 1657 2381 Pannoniarum
1691 2340 1985 2394 oppidofflatre

203 2394 362 2434 Tribuno
385 2398 659 2451 militumfuiffe
685 2400 875 2441 oriundum
892 2399 953 2450 h):
984 2405 1084 2442 nulla
1104 2407 1263 2444 omnino
1292 2420 1330 2443 re
1356 2406 1504 2455 addita,
1535 2406 1631 2445 unde
1654 2408 1836 2455 colligere
1856 2405 1985 2456 possis,

198 2461 293 2496 hanc
328 2459 526 2499 Sabariam
557 2463 661 2501 fu'rffe
693 2465 876 2504 diversam
910 2467 955 2504 ab
985 2468 1071 2517 illa,
1099 2482 1209 2516 quam
1244 2471 1358 2507 ceteri
1393 2482 1477 2507 ante
1504 2470 1623 2520 ipsunt
1650 2470 1836 2507 Austores
1864 2470 1900 2505 in
1925 2469 1983 2505 sura

196 2523 331 2573 scripta
362 2525 572 2563 retulerunt.
608 2528 645 2564 Si
681 2542 761 2576 quae
797 2542 890 2579 ergo
928 2543 1059 2579 practer
1098 2535 1194 2569 hanc
1229 2535 1342 2571 altera
1380 2535 1415 2570 in
1447 2534 1705 2571 monumentis
1747 2534 1867 2572 saeculi
1901 2532 1988 2569 XM.

970 2620 1025 2628 ὢν.
1036 2623 1048 2628 ι
1055 2621 1163 2629 ..ο-α...-
1169 2623 1275 2628 -a-...n-
1279 2623 1359 2629 w<
1366 2623 1430 2628 W>

1692 2623 1769 2630 „mr
1772 2623 1872 2630 ψ,
1878 2624 1917 2628 >vm
1925 2623 1981 2629 >--*

244 2678 274 2706 vj
298 2668 346 2698 D„-
373 2668 439 2698 ’.ἦτε
460 2667 544 2700 beni.
565 2670 696 2702 Lirin}
722 2679 779 2713 cap
812 2672 837 2701 1.
