2065 2927
561 116 842 159 CAPUT
922 110 1338 152 TERTIUM.=
1832 115 1856 150 9

63 216 260 255 sentientes
295 210 508 259 tingillatim
533 206 757 245 refellantur.
793 202 885 240 Esto
919 200 1056 249 igitur3
1091 210 1167 235 non
1200 198 1296 234 enim
1327 194 1468 232 inutilis
1502 189 1573 228 esse
1606 190 1702 228 solet
1730 187 1853 237 labor,

68 278 134 325 qui
162 273 392 313 elucidandis
421 273 601 309 Veterum
632 268 777 317 scriptis
810 264 1063 315 impenditur,
1092 275 1180 299 cum
1208 262 1302 310 saepe
1325 259 1547 305 contingat,
1573 265 1612 291 ut
1636 263 1768 303 praeter
1790 249 1853 299 id,

66 341 113 377 de
144 352 220 387 quo
254 336 452 384 quaeritur,
487 333 558 368 alia
593 343 745 378 quoque
777 341 853 364 non
885 340 1001 377 pauca
1029 339 1104 364 uno
1137 325 1351 370 eodemque
1380 318 1671 358 Commentario
1705 316 1744 351 in
1778 326 1855 351 ma-
1872 320 1881 330 “

60 399 135 453 jori
172 400 254 435 luce
293 397 543 434 collocentur.
578 393 656 443 Qui
691 393 773 430 sane
805 392 942 441 scopus
978 390 1018 429 ὅ(
1050 388 1180 435 mihi,
1214 387 1266 424 uti
1295 397 1388 423 mox
1421 383 1564 434 patebit
1586 410 1599 431 ,
1639 379 1853 431 propofitus

60 463 123 500 est.
153 461 214 499 Ad
244 458 395 497 Plinium
424 459 549 505 itaque
578 466 752 494 revertar.

676 727 1049 783 CAPUT
1137 727 1234 775 ΙΙΙ.

165 862 456 906 Cmnmentm‘ius
487 859 530 898 de
560 852 738 908 Rojorum
772 849 962 907 Dgfi’rtis,
994 853 1030 889 in
1063 848 1198 902 quibus
1228 846 1372 889 Plinius
1403 847 1502 887 locat
1531 842 1755 895 sabariam,

631 935 672 963 ac
703 922 743 962 de
773 921 854 961 lacn
884 915 1028 974 Peg'sone
1057 919 1095 958 in
1129 917 1271 958 iisdem.

59 1040 233 1120 INTER
272 1078 448 1125 antiquos
484 1077 670 1115 Austores
689 1106 701 1125 ,
731 1077 794 1124 qui
827 1071 989 1112 Sabariae
1014 1074 1292 1120 meminerunt,
1318 1072 1460 1121 primus
1493 1071 1544 1108 est
1573 1071 1689 1107 aetatis
1719 1065 1854 1106 ordine

60 1143 201 1182 Plinius.
238 1142 338 1187 Hic,
374 1139 426 1176 uti
462 1138 597 1188 Capite
628 1137 864 1187 praecedente
902 1134 1091 1183 diximus,
1127 1135 1322 1171 coloniam
1355 1133 1554 1171 Sabariam
1590 1134 1629 1170 in
1665 1129 1853 1182 Boiorum

53 1204 216 1255 Desertis
238 1203 396 1254 positam
422 1201 527 1239 fuisse
549 1201 734 1251 perhibet.
756 1202 898 1238 Verum
923 1199 1150 1247 disceptatur
1169 1196 1312 1245 hodie,
1335 1195 1397 1233 ubi
1419 1197 1499 1232 haec
1519 1194 1679 1242 fuerint,
1703 1203 1849 1242 quosve

55 1269 148 1306 fines
173 1268 396 1314 habuerint,
423 1266 462 1304 ὅ(
480 1279 500 1302 a
519 1264 653 1312 quibus
680 1261 789 1314 Bojis
816 1263 853 1299 id
883 1276 1022 1301 nomen
1049 1256 1289 1312 acceperint.
1305 1262 1391 1298 Hoc
1414 1259 1646 1310 postremum
1671 1255 1855 1305 quoniam

61 1329 235 1366 historici
263 1327 314 1364 est
336 1328 577 1376 argumenti,
606 1325 653 1363 ad
679 1327 897 1374 sequentem
925 1325 1062 1362 librum
1082 1320 1278 1374 rejicimus
1296 1353 1307 1374 ,
1334 1323 1460 1374 priora
1484 1332 1608 1359 autem
1634 1320 1711 1358 duo
1727 1348 1740 1368 ,
1774 1331 1855 1367 quc-e

52 1392 340 1441 Geographiam
371 1401 635 1440 concernunt,
662 1392 739 1427 hoc
762 1390 855 1426 ioco
879 1389 1148 1437 expendemus.
1600 1382 1603 1386 ’

228 1453 386 1504 Deserta
420 1454 622 1504 Bojorum,
662 1465 743 1500 quse
779 1464 798 1488 a
825 1449 938 1488 Plinio
976 1464 1354 1500 commemorantur,
1386 1447 1539 1498 quidam
1570 1447 1722 1485 Norico
1743 1473 1755 1493 ,
1794 1444 1857 1480 aiii

56 1517 291 1563 Pannoniae,
329 1518 503 1553 nonnulli
536 1518 684 1563 utrique
723 1518 830 1554 fimul
861 1517 1072 1554 Provinciae
1103 1515 1327 1553 adscribunt.
1367 1514 1453 1551 Nec
1492 1511 1624 1547 desunt
1651 1538 1663 1557 ,
1709 1508 1773 1555 qui
1810 1518 1855 1544 ex

55 1577 246 1615 Pannonia
278 1578 317 1613 in
342 1578 507 1614 vicinam
535 1577 759 1626 Quadorum
783 1580 981 1627 regionem
1008 1576 1068 1610 illa
1094 1576 1319 1624 procurriffe
1346 1575 1579 1611 arbitrentur.
1614 1571 1854 1611 Nominatim

57 1642 211 1677 Marcus
240 1637 413 1687 Vellera-s·
437 1640 607 1676 Desertis
630 1642 762 1676 Boicis
791 1641 960 1688 adsignat
983 1637 1172 1672 Noricum
1198 1637 1370 1685 ripense,
1402 1649 1421 1672 a
1449 1636 1742 1674 Vindelicorum
1775 1636 1856 1671 fini-

53 1703 150 1750 buS,
186 1702 246 1739 seu
283 1700 330 1737 ab
360 1701 460 1738 Aeni
501 1700 599 1738 ostio
636 1714 754 1748 usque
792 1700 838 1736 ad
870 1707 1040 1737 montem
1081 1696 1232 1734 Cetium
1271 1697 1565 1750 (Callenberg)
1612 1699 1856 1737 Vindobona:

52 1767 275 1815 proximum
305 1762 356 1812 i).
391 1762 499 1801 Idem
532 1763 642 1800 sentit
673 1760 843 1812 Lazius,
874 1760 940 1797 nifi
970 1760 1075 1808 quod
1106 1762 1264 1799 alterum
1301 1764 1437 1800 horum
1471 1762 1719 1800 Desertorum
1758 1763 1857 1799 limi-

53 1841 130 1866 tem
158 1829 286 1878 potius
312 1823 461 1874 Anisum
492 1826 674 1874 fluvium,
712 1837 824 1872 quam
855 1820 994 1860 Aenum
1024 1823 1155 1861 statuat
1184 1821 1241 1872 k).
1276 1824 1330 1862 At
1362 1823 1608 1873 Harduinus‚
1655 1823 1856 1871 cellarius,

56 1889 313 1935 Schbnlebius,
344 1887 494 1940 Jordan
513 1923 523 1938 ,
561 1886 750 1927 severinus
781 1888 861 1924 haec
893 1886 1051 1925 Deserta
1082 1889 1177 1926 intra
1208 1890 1441 1927 Pannoniam
1483 1889 1726 1938 Superiorem
1763 1901 1856 1925 con—

58 1955 243 2004 cludunt,
279 1955 384 1992 vario
425 1965 551 1991 tamen
585 1954 625 1992 ὃ(
655 1954 693 1990 hi
724 1952 874 1990 modo:
910 1950 971 1989 vel
1004 1950 1151 1989 scilicet
1191 1962 1210 1988 a
1236 1947 1330 1989 'lacu
1362 1952 1603 1991 Nifiderienfi
1623 1982 1635 2001 ,
1675 1957 1738 2002 qui
1782 1954 1855 1992 illis

59 2014 161 2066 Pesz
192 2015 267 2065 est,
296 2015 357 2053 vel
393 2028 413 2052 a
443 2016 560 2053 fluvio
592 2011 740 2053 Lita1⁷za
771 2013 959 2064 (Leitha)
990 2011 1053 2059 qui
1080 2014 1312 2062 Hungariam
1343 2015 1461 2054 hodie
1506 2015 1552 2053 ab
1584 2016 1733 2054 Austria
1765 2017 1855 2055 diri-

58 2079 154 2127 mit,
191 2079 252 2116 vel
281 2077 435 2116 demum
467 2091 488 2115 a
520 2076 779 2126 Vindobona,
811 2078 1019 2124 vicinoque
1051 2089 1181 2115 monte
1218 2077 1332 2116 Cetio
1370 2077 1416 2115 ad
1444 2078 1580 2116 fluvios
1604 2107 1616 2127 ,
1650 2091 1713 2117 aut
1742 2081 1856 2118 Arra-

62 2139 226 2188 bonem,
248 2152 309 2179 aut
335 2143 515 2191 Muram,
537 2153 600 2180 aut
621 2143 791 2180 Dravum
824 2155 865 2179 ea
902 2139 1173 2192 protendentes
1194 2139 1243 2189 l).
1279 2139 1439 2179 Irenicus
1477 2153 1568 2177 vero
1597 2141 1636 2180 &
1669 2141 1856 2182 Cluverius

60 2201 193 2240 eadem
221 2203 380 2242 Deserta
413 2217 481 2255 per
510 2205 648 2242 Norici
680 2204 788 2241 fimul
808 2231 821 2253 ‚
858 2203 898 2242 &
935 2204 1138 2242 Pannoniae
1170 2204 1361 2253 contiguae
1402 2216 1545 2254 partem
1584 2203 1713 2242 diffusa
1748 2205 1854 2244 fuisse

45 2305 1848 2325 ψῃ*

62 2385 389 2479 Ιίέῇυὲεὲῐέἕέῑίςέυτῐ.
414 2388 529 2424 lib..2.
553 2400 586 2434 p.
612 2395 660 2435 38.
685 2392 715 2425 &
738 2392 771 2424 in
792 2392 915 2433 Mappa
937 2389 1156 2430 Vindeliciae,
1193 2401 1261 2433 quae
1287 2390 1387 2433 Operi
1408 2392 1527 2423 Rerum
1549 2390 1852 2434 Augusto—Vinde-

102 2491 133 2528 ἢ)
157 2489 226 2522 Lib.
253 2499 302 2524 12.
327 2492 367 2523 de
391 2497 470 2534 nep.
494 2495 593 2527 Rom.
616 2495 690 2530 sect.
717 2504 746 2539 3.
775 2505 846 2539 cap.
870 2503 901 2538 7.

74 2544 133 2601 ,U
157 2544 337 2578 narduinus
361 2546 391 2580 in
419 2546 517 2580 Notis
540 2548 576 2580 ad
600 2548 697 2581 Plinii
724 2549 790 2582 hist.
814 2557 878 2582 nat.
900 2549 957 2582 lib.
983 2559 1011 2594 3.
1035 2561 1170 2594 cap.¹24.
1195 2552 1352 2585 Cellarius
1375 2551 1480 2583 Notit.
1505 2550 1600 2582 Orbis
1624 2550 1744 2591 antiqui
1767 2552 1852 2582 T.1.

58 2594 115 2650 itb.
139 2606 167 2629 2.
193 2605 268 2638 cap.
293 2602 321 2634 8.
347 2599 421 2632 sect.
450 2613 474 2632 ι.
495 2611 526 2633 n.
556 2610 602 2634 12.
628 2602 838 2634 Sch‘onieben
862 2606 892 2636 P.
916 2605 939 2636 1.
966 2608 1082 2640 Annal.
1107 2606 1248 2638 Carniol.
1273 2617 1304 2649 p,
1332 2616 1400 2649 141.
1428 2606 1563 2645 Jordan.
1587 2605 1627 2637 de
1650 2606 1737 2647 Orig.
1761 2607 1851 2639 Slav.

58 2653 91 2677 in
114 2647 236 2689 Adpar.
261 2659 372 2694 geogr.
397 2661 428 2683 n.
456 2662 590 2685 cccxci.
614 2654 792 2686 Severinus
816 2654 872 2687 lib.
897 2659 918 2689 1.
947 2658 1116 2690 Pannoniae
1138 2658 1294 2691 illustratae
1316 2668 1350 2702 p.
1379 2667 1426 2692 10.
1451 2661 1517 2699 seq.

1472 2715 1502 2751 B
