2065 2927
100 107 147 145 ὦ
716 94 962 136 niens
1032 96 1285 137 PRIMZ

97 194 142 225 a'c
175 185 280 226 XIII.
314 185 520 234 reperitur,
553 193 620 231 ea,
651 191 691 219 ut
717 181 870 229 quidem
902 195 1012 232 reor,
1041 186 1189 224 nonnisi
1220 186 1340 235 longo
1378 183 1463 234 post
1497 184 1729 223 nativitatem
1765 184 1887 224 Sanfti

96 248 265 288 Martini
299 259 470 296 tempore
503 255 632 284 exorta
661 243 784 282 fuerit.
821 246 986 283 Memini
1025 258 1193 298 pagum,
1231 249 1296 297 qui
1329 261 1349 285 a
1381 248 1487 285 sacro
1518 248 1720 286 Pannoniae
1758 260 1889 286 monte

106 313 214 350 unius
241 311 389 347 circiter
415 310 544 357 horae,
572 319 638 346 aut
663 308 838 346 nonnihil
863 308 1051 357 ampliore
1076 310 1274 348 intervallo
1300 322 1425 349 ortum
1451 311 1575 349 versus
1598 310 1732 359 distat,
1762 310 1891 359 Szom-

95 371 247 423 bathe-ly
277 372 429 421 vocari,
462 384 540 420 quo
570 372 726 409 nomine
764 383 853 409 cum
884 371 1054 420 Hungari
1090 371 1314 410 hodiernam
1346 386 1501 421 quoque
1539 375 1731 413 civitatem
1770 372 1889 412 Saba-

94 436 189 475 riam
213 435 428 486 adpellem,
459 435 541 472 fieri
568 434 722 485 potest,
752 446 794 472 ut
824 434 918 472 olim
950 435 1061 485 patrii
1097 435 1312 484 Scriptores
1342 436 1451 473 istum
1484 449 1639 485 quoque
1667 451 1807 487 pagum
1840 438 1891 475 la·

94 500 171 537 tine
197 497 396 537 Sabariam
419 498 708 535 nominaverint.
737 497 926 536 Caeterum
958 498 1205 535 Documenta
1235 497 1341 547 supra
1370 499 1516 537 laudata
1541 498 1741 538 sabariam
1769 502 1891 539 saneti

96 563 252 600 Martini
281 562 411 600 locum
433 561 596 599 natalem
615 561 796 611 propius,
820 572 861 598 ut
884 560 991 609 supra
1014 560 1122 610 dixi,
1143 561 1273 600 Monti
1295 562 1495 601 Pannoniae
1516 563 1744 614 admovent,
1767 566 1890 603 immo

95 624 195 672 quafi
226 625 332 674 supra
366 624 488 674 ipsum
524 634 695 661 montem
730 624 924 659 collocare
955 623 1141 661 videntur.
1175 624 1304 672 Atque
1336 625 1425 660 hinc
1457 624 1605 666 fortasse
1642 628 1890 676 profluxerit,

98 684 205 734 quod
233 683 458 724 chartuitius
485 686 696 735 scripserit,
731 685 768 723 S.
798 683 1014 724 Martinam
1049 687 1088 722 in
1118 698 1250 724 monte
1280 687 1486 725 Pannoniae
1517 688 1582 725 fibi
1614 691 1798 727 orationis
1835 691 1892 726 lo-

92 760 179 786 cum
213 749 423 798 adfignaffe.
453 751 623 796 Verum,
659 747 815 796 inquis,
850 748 928 798 ipse
963 761 1118 796 quoque
1149 747 1331 801 Sulpicius
1363 750 1575 787 meminisse
1609 752 1756 791 videtur
1788 752 1894 801 idge·

94 825 161 849 nus
191 813 335 850 montis
355 841 367 860 ,
404 824 516 859 quem
554 812 592 855 S.
620 808 822 848 Martinus
850 812 1034 848 orationis
1073 812 1180 849 causa
1211 811 1515 860 frequentaverit.
1555 814 1629 851 Hic
1662 826 1753 852 vero
1793 815 1895 852 deest

90 873 284 913 hodiernae
317 870 506 923 Sabariae,
541 875 581 911 in
611 873 776 924 planicie
812 874 949 922 pofitae.
993 875 1119 913 Immo
1154 887 1244 913 vero
1280 887 1453 913 montem
1487 889 1640 924 quoque
1663 905 1676 926 ,
1715 878 1778 916 etfi
1812 891 1891 916 non

88 950 191 985 aeque
221 938 336 975 altum
357 965 370 986 ,
406 937 518 974 habet
557 936 681 974 nostra
717 933 886 973 Sabaria.
933 935 1109 976 Calvariae
1141 938 1172 974 is
1208 950 1320 976 mons
1354 938 1471 976 hodie
1505 938 1712 988 adpellatur
1734 969 1748 989 ,
1784 941 1891 990 supra

90 1013 203 1049 quem
228 1012 399 1049 eremuS,
425 1000 634 1049 tempium,
658 999 698 1037 &
721 999 856 1037 sacella
874 1000 1058 1037 orationis
1082 1001 1189 1037 causa
1214 1001 1419 1038 etiamnum
1444 1000 1733 1049 frequentantur.
1749 1004 1893 1051 Quam-

91 1076 203 1112 quam
225 1064 252 1100 fi
284 1077 363 1101 rem
392 1091 405 1113 ,
439 1064 493 1101 uti
530 1062 610 1111 est,
644 1061 773 1099 dicere
806 1063 993 1111 velimus,
1034 1062 1132 1113 apud
1165 1060 1366 1113 Sulpicium
1404 1063 1441 1099 in
1471 1065 1545 1101 vita
1574 1065 1700 1102 Sanffi
1729 1062 1896 1104 Martini

88 1127 189 1164 nulla
211 1128 379 1176 montis,
402 1125 466 1164 sed
489 1126 607 1164 eremi
636 1135 778 1162 tantum
805 1126 974 1164 occurrit
1001 1127 1156 1164 mentio.
1186 1125 1328 1163 Scribit
1351 1137 1475 1163 autem
1502 1124 1704 1178 Sulpicius,
1729 1129 1765 1165 S.
1790 1129 1891 1166 Mar-

89 1190 235 1239 tinum,
264 1203 352 1228 cum
380 1188 470 1227 effet
495 1200 679 1225 annorum
705 1186 913 1225 duodecim
941 1202 1061 1238 puer,
1089 1187 1287 1239 adspiraffe
1320 1187 1368 1226 ad
1394 1201 1592 1239 eremum,
1621 1190 1686 1227 etfi
1721 1190 1773 1227 ob
1810 1201 1892 1227 aeta-

88 1253 135 1289 tis
166 1252 427 1291 infirmitatem
462 1251 509 1288 ad
540 1263 622 1287 eam
654 1263 732 1288 non
766 1250 1006 1289 concefferir.
1041 1251 1189 1301 Quibus
1219 1264 1264 1290 ex
1296 1250 1421 1289 verbis
1454 1253 1673 1301 neutiquam
1702 1252 1892 1301 sequitur,

85 1315 250 1352 sanetum
288 1318 388 1353 hunc
416 1315 641 1362 Praesuiem,
667 1313 756 1351 dum
788 1314 826 1349 in
852 1316 1045 1352 Pannonia
1070 1314 1252 1364 degeret,
1287 1325 1461 1352 montem
1490 1316 1710 1365 quempiam
1737 1315 1784 1352 ad
1807 1315 1889 1353 fun-

86 1376 229 1415 dendas
260 1391 393 1428 preces
425 1376 683 1415 conscendere
712 1377 863 1414 solitum
898 1377 1015 1415 fuiss'e.
1055 1377 1160 1427 Quid
1196 1378 1300 1426 quod
1337 1376 1441 1414 idem
1471 1378 1627 1416 Samstus
1659 1375 1888 1426 Martinus,

85 1453 173 1478 cum
209 1439 427 1480 duodennis
460 1440 571 1490 esset,
599 1438 678 1491 jam
706 1452 784 1477 non
819 1441 982 1491 amplius
1014 1442 1175 1479 Sat-,ariae
1200 1443 1240 1478 in
1264 1442 1483 1490 Pannonia,
1516 1452 1647 1478 verum
1684 1440 1813 1477 Ticini
1848 1441 1886 1476 in

81 1502 189 1540 Italia
218 1504 364 1553 agebat.
393 1505 455 1541 Eo
483 1504 582 1540 enim
613 1514 722 1571 puerE
740 1504 963 1552 translatus,
992 1504 1046 1541 ibi
1079 1505 1198 1552 altus,
1227 1504 1268 1542 ὃ(
1301 1503 1479 1541 educatus
1509 1513 1586 1539 erat
1613 1501 1728 1549 usque
1749 1500 1796 1537 ad
1822 1513 1886 1537 an-

83 1578 173 1604 num
206 1569 320 1604 aetatis
351 1568 420 1603 suae
452 1564 821 1612 quintumdecimum
838 1592 850 1613 ,
882 1578 960 1612 quo
984 1566 1031 1602 ad
1055 1566 1229 1604 militiam
1255 1564 1431 1615 abreptus
1458 1563 1521 1602 est.
1562 1562 1638 1602 Sed
1664 1563 1879 1602 sermonem

83 1628 130 1664 de
153 1629 262 1665 rebus
295 1628 391 1665 beati
419 1625 609 1674 ‹war-cini,
637 1625 798 1663 Sabariae
821 1628 923 1672 nati,
950 1629 1055 1666 alteri
1083 1629 1311 1665 reservamus
1336 1628 1440 1663 loco.
1475 1626 1652 1673 Sequitur
1679 1625 1889 1673 descriptio

81 1692 280 1742 itinerum,
312 1693 349 1727 in
376 1689 511 1737 quibus
545 1688 587 1725 fit
616 1687 764 1724 mentio
789 1685 961 1726 Sabaria».

716 2138 1093 2190 CAPUT
1189 2140 1251 2186 V.

289 2288 459 2327 Veterum
492 2287 652 2340 Itinera,
685 2289 721 2328 in
753 2287 886 2340 quibus
908 2285 964 2343 fit
993 2291 1130 2330 mentio
1160 2287 1350 2339 sabariae,
1385 2286 1425 2326 de
1446 2285 1674 2336 tribuatur,

812 2372 859 2422 fi?
897 2378 1143 2436 illustrantur.

87 2514 442 2599 Memorare
481 2562 791 2611 interminorum,
831 2565 965 2612 quibus
996 2565 1230 2603 Itinerarium
1258 2562 1445 2601 Antonini
1482 2554 1680 2596 Sabariam
1717 2555 1761 2592 ab
1798 2556 1877 2591 aiiis

87 2625 184 2662 locis
207 2624 375 2673 dirimit,
409 2624 537 2674 saepius
568 2625 718 2672 quidem
748 2627 919 2664 inussemvzs
938 2659 945 2664 .
987 2628 1048 2667 sed
1086 2628 1209 2665 obiter
1239 2639 1379 2664 tantum
1408 2620 1733 2661 commemoravi:
1776 2629 1873 2652 nunc
