2065 2927
140 97 193 140 34
765 81 1004 122 LIBRI
1083 86 1335 127 PRIMI

425 199 523 238 ῑτεῃ
553 196 577 223 A
609 196 856 223 VINDOBONA
885 196 1153 225 ΡοετονῐοΝε
1180 190 1235 227 M.
1262 191 1304 228 P.
1333 200 1516 229 cmxxxtv.
1542 189 1640 237 fiet.

658 278 775 333 Aquis
830 310 838 318 .
893 311 901 319 .
959 310 965 318 .
1019 283 1076 319 M.
1103 285 1145 321 P.
1171 297 1322 326 xxv111„

662 342 914 383 Scarabantia
965 374 971 380 .
1025 345 1081 382 M.
1110 346 1151 382 Ρ.
1179 359 1284 385 xxx1,

656 406 820 445 Sabaria
843 436 850 443 .
905 436 912 443 .
968 435 975 443 .
1029 407 1085 444 Μ.
1112 408 1152 444 Ρ.
1181 419 1342 449 xxxnu.

660 467 857 508 Arrabona
903 499 910 506 .
968 499 974 506 .
1031 471 1086 508 M.
1114 470 1158 507 P.
1184 482 1244 506 xx.

661 529 818 570 Alicano
848 561 856 568 .
911 561 918 568 .
975 561 982 568 .
1036 533 1092 570 Μ.
1121 533 1161 569 Ρ.
1190 543 1249 570 xL.

833 592 876 631 In
913 591 1031 632 medio
1061 594 1191 631 Curta.

645 654 849 693 Poetovione
929 685 936 691 .
992 684 999 691 .
1054 657 1111 694 M.
1139 657 1180 694 P.
1210 667 1317 693 xxxx.

341 781 400 822 En
431 782 630 819 circuitum
665 780 732 817 viae
768 781 939 817 militaris
973 793 993 816 a
1028 777 1250 819 Vindobona
1288 779 1577 820 Scarabantiam
1614 796 1681 833 per
1710 787 1948 826 Manfionem

142 846 258 901 Aquis
291 846 428 883 dietam
464 842 604 882 Millib.
634 841 720 892 paff.
744 843 844 880 LIX.
883 855 964 901 quae
998 842 1140 880 faciunt
1171 843 1297 881 nostra
1338 858 1393 882 12.
1426 845 1599 882 milliaria
1620 875 1632 894 ,
1669 847 1710 885 ὅ(
1748 850 1947 898 aliquante

141 911 314 959 amplius.
350 907 549 945 Cluverius
576 907 733 943 nomine
767 903 960 955 Aquarum
987 905 1097 942 isthic
1127 906 1308 955 intelligit
1332 903 1530 955 Badenas,
1557 908 1743 958 oppidum
1768 912 1954 959 Austfiae,

143 974 191 1012 ab
218 970 336 1023 Aquis
366 968 499 1008 calidis
531 968 691 1006 celebre.
721 967 921 1005 Consentit
950 965 1208 1019 Wqffelingius
1219 981 1231 1012 3
1263 968 1327 1005 sed
1356 980 1444 1005 cum
1474 967 1626 1007 Eadem
1655 971 1733 1009 fere
1756 985 1832 1010 non
1854 976 1937 1023 plus

143 1049 257 1085 quam
284 1032 431 1073 XVIII.
464 1030 604 1070 Millib.
635 1030 720 1081 pais.
750 1031 822 1069 five
854 1030 991 1067 nostris
1024 1041 1183 1078 quatuor
1216 1031 1368 1068 circiter
1400 1031 1618 1069 milliaribus
1653 1046 1673 1070 a
1703 1035 1938 1073 Vindobona

145 1106 409 1138 removeantur
430 1123 442 1143 ‚
485 1093 673 1131 existimat
697 1121 710 1141 ‚
751 1093 967 1142 scriptionis
1004 1094 1100 1130 vitio
1134 1093 1222 1130 huic
1252 1104 1413 1130 numero
1448 1105 1563 1130 unum
1594 1096 1643 1132 X.
1675 1098 1860 1137 acceffiffe
1888 1098 1944 1148 b).

144 1161 188 1200 In
219 1159 376 1197 eandem
418 1156 496 1194 abit
526 1157 744 1194 sententiam
774 1153 949 1206 Jordan,
979 1157 1044 1203 qui
1080 1167 1204 1193 tamen
1240 1155 1347 1192 fimul
1376 1155 1482 1193 addit
1502 1185 1514 1205 ,
1544 1157 1607 1193 illa
1637 1160 1693 1196 M.
1721 1161 1762 1199 P.
1795 1161 1943 1199 XXXI.

141 1235 223 1271 quae
260 1223 323 1259 hic
364 1219 409 1256 ab
441 1217 558 1269 Aquis
587 1216 871 1256 Scarabantiam
905 1229 1170 1266 numerantur,
1203 1218 1255 1255 sat
1289 1229 1375 1268 apte
1406 1231 1618 1268 congruere
1654 1219 1889 1260 Badenarum
1924 1236 1944 1259 a

145 1283 331 1336 Sopronio
364 1281 544 1319 distantiae
576 1281 613 1330 e)
656 1281 709 1318 At
739 1294 916 1318 numerus
948 1283 1004 1319 M.
1030 1283 1071 1319 P.
1108 1280 1313 1319 XXXIIII.
1337 1309 1349 1329 ‚
1386 1282 1449 1329 qui
1487 1283 1526 1318 in
1562 1282 1752 1332 prioribus
1791 1283 1940 1322 duobus

144 1346 341 1386 itineribus
366 1344 521 1382 notabat
543 1342 791 1381 Scarabantiae
814 1357 833 1379 a
862 1342 1025 1382 Sabaria
1054 1343 1293 1392 distantiam,
1328 1344 1366 1379 in
1397 1344 1468 1381 isto
1504 1357 1658 1392 quoque
1690 1347 1823 1385 itinere
1852 1348 1947 1385 nihil

144 1411 285 1459 variat,
316 1406 556 1457 ac-proinde
591 1406 686 1443 nihil
715 1406 790 1455 est,
828 1407 932 1455 quod
965 1406 1158 1445 adversum
1192 1407 1278 1444 situs
1309 1406 1499 1454 utriusque
1531 1405 1642 1458 hujus
1674 1409 1835 1446 civitatis
1866 1408 1942 1459 jam

144 1473 328 1513 stabilitos
365 1471 490 1508 faciat.

317 1535 430 1573 Nunc
454 1544 622 1580 quaenam
646 1531 885 1569 difficultates
907 1534 944 1568 in
969 1532 1259 1570 determinando
1285 1533 1513 1580 reliquarum
1536 1529 1646 1583 hujus
1670 1533 1814 1570 itineris
1837 1535 1945 1571 Man-

147 1600 292 1637 fionum
322 1598 389 1634 situ
422 1606 648 1641 occurrant,
676 1593 883 1631 videamus.
918 1595 955 1632 A
983 1593 1145 1633 Sabaria
1175 1593 1412 1633 Paetovionem
1441 1595 1738 1631 continuandum
1772 1595 1830 1631 est
1858 1598 1950 1633 iter:

144 1662 208 1701 sed
241 1674 287 1698 an
318 1659 440 1697 ubivis
467 1670 533 1707 per
566 1656 789 1693 hodiernam
818 1658 917 1692 viam
951 1656 1096 1704 publici
1128 1656 1277 1703 cursus,
1310 1654 1456 1692 necesse
1491 1655 1569 1702 est,
1603 1666 1642 1691 ut
1669 1667 1774 1693 antea
1807 1659 1940 1706 explo-

144 1737 281 1763 remus.
319 1721 482 1760 Numeri
512 1716 770 1756 Manlionibus
805 1718 901 1754 inter
933 1715 1153 1765 sabariam,
1189 1718 1227 1755 &
1265 1714 1504 1755 Poetovionem
1538 1716 1699 1765 adpofiti
1723 1745 1735 1765 ,
1771 1718 1797 1753 fi
1837 1719 1945 1754 colli-

145 1797 278 1837 gantur
304 1785 341 1821 in
372 1796 511 1831 unum,
545 1780 714 1818 efficiunt
740 1781 796 1817 M.
826 1781 867 1817 P.
897 1779 1031 1828 XCI„
1062 1779 1101 1816 id
1126 1779 1203 1827 est,
1227 1779 1352 1816 nostra
1387 1791 1442 1826 19.
1477 1779 1678 1826 milliaria,
1713 1778 1751 1818 &
1784 1779 1862 1816 fere
1889 1779 1946 1815 di-

147 1849 330 1888 midium:
359 1844 437 1898 jam
463 1858 554 1883 vero
581 1844 621 1879 in
652 1842 786 1880 tabella
817 1842 990 1879 hodierni
1015 1843 1140 1880 cursus
1173 1841 1315 1892 publici
1349 1841 1394 1878 ab
1421 1841 1604 1880 hodierna
1632 1839 1796 1879 Sabaria
1828 1842 1942 1889 usque

149 1910 416 1958 Poecovionem
449 1921 530 1956 quae
563 1907 697 1944 civitas
727 1917 827 1943 nunc
859 1902 1068 1955 Petopium,
1095 1919 1214 1954 germ.
1255 1903 1370 1942 Petau
1394 1916 1577 1952 vocatur,
1603 1917 1679 1942 non
1701 1905 1805 1954 plura
1829 1917 1939 1952 quam

146 1967 404 2024 septendecim
438 1969 612 2008 milliaria
644 1979 882 2005 numerantur
916 1980 982 2017 per
1014 1969 1209 2016 sequentes
1240 1968 1452 2005 stationes:
1494 1966 1657 2005 Sabaria
1691 1968 1804 2014 usque
1850 1967 1952 2004 Kor-

147 2033 349 2075 mendinum
381 2046 414 2082 3.
446 2034 537 2069 hinc
568 2031 614 2069 ad
645 2029 751 2068 Levb'
782 2043 815 2068 2.
851 2032 938 2067 hinc
968 2030 1123 2077 Bacsbm
1153 2044 1190 2069 2.
1225 2032 1314 2067 hinc
1347 2030 1393 2066 ad
1427 2030 1644 2068 inferiorem
1682 2027 1877 2067 Lendvam
1912 2043 1946 2067 2.

147 2100 237 2136 hinc
269 2095 566 2148 Csakatortgyam
592 2107 626 2132 2.
655 2094 744 2131 hinc
780 2090 1030 2141 Varasdinum
1064 2107 1097 2131 2.
1129 2094 1216 2130 hinc
1242 2093 1288 2129 ad
1312 2088 1498 2141 Sauritsbk
1525 2105 1557 2129 2.
1587 2093 1676 2128 hinc
1703 2090 1888 2129 Retovium
1912 2105 1949 2129 2.

149 2161 304 2199 Summa
330 2159 445 2196 efficit
475 2169 531 2206 17.
565 2157 749 2194 milliaria.
783 2156 883 2193 Cum
912 2168 1004 2205 ergo
1033 2158 1113 2193 haec
1143 2158 1201 2194 via
1229 2157 1378 2194 brevior
1401 2155 1469 2203 fit,
1495 2153 1640 2192 necesse
1662 2154 1734 2203 est7
1761 2168 1799 2192 ut
1829 2155 1941 2192 altera

146 2223 209 2260 illa
240 2221 462 2270 quibusdam
492 2222 530 2257 in
562 2221 661 2257 locis
698 2219 744 2256 ab
777 2221 845 2256 hac
877 2218 1082 2256 deflexerit.

315 2281 463 2333 Jordan
493 2283 689 2320 arbitratur
725 2282 823 2319 viam
859 2281 1040 2319 itinerarii
1070 2282 1256 2320 Antonini
1295 2294 1385 2318 mox
1419 2293 1439 2316 a
1475 2278 1718 2318 Kormendino
1756 2278 1953 2317 deflexiffie

150 2346 273 2388 versus
306 2343 487 2394 oppidum
516 2347 551 2383 S.
576 2341 789 2392 Godmrdi,
823 2343 861 2382 &
890 2345 978 2380 hinc
1004 2356 1070 2393 per
1088 2343 1375 2396 Racospurgum
1398 2343 1538 2380 duxisse
1564 2340 1746 2380 Petovium
1773 2339 1834 2388 d).
1875 2342 1949 2378 Cri

1836 2437 1939 2447 nom-as.

192 2507 234 2543 b}
249 2505 332 2538 lbid.
355 2505 387 2538 in
409 2505 486 2538 Not.

191 2560 223 2598 τ’)
247 2561 341 2590 Loco
361 2560 418 2590 cit.

195 2610 355 2654 dita-<10
382 2613 438 2643 cit.
457 2620 497 2652 pff
512 2620 568 2652 ως
