2065 2927
709 40 1372 100 PRAEFATIO.

127 189 315 251 edidit,
363 184 586 249 simulque
640 183 841 232 aliorum
887 183 1199 247 quorumdam
1243 197 1690 252 monumentorum,
1751 191 1925 243 ibidem

132 300 398 350 erutorum,
436 286 659 336 meminit.
699 283 812 335 Post
837 281 1037 334 Lazimn
1074 283 1222 351 longo
1259 290 1361 340 satis
1401 301 1615 358 tempore
1652 309 1792 343 nemo
1829 306 1927 345 erat

133 395 216 460 qui
251 392 344 441 hoc
381 397 704 456 argumentum
751 386 1103 452 pertradtass'et:
1157 388 1459 442 inveniuntur
1503 402 1655 443 tamen
1709 396 1925 461 quaedam

128 495 189 545 ad
227 492 458 545 Sabariam
493 488 747 556 speetantia
784 486 909 554 apud
945 486 1242 554 Bruschium‚
1282 487 1530 546 Nicolaum
1559 494 1777 560 Olahum‚
1807 496 1927 550 Pau.

132 598 226 650 lum
263 597 321 646 de
360 592 695 658 Gregorl'clllcz,
733 586 1027 652 Istvclllfimn,
1065 592 1109 638 &
1144 592 1192 638 in
1233 595 1453 660 Corpore
1484 600 1599 662 Juris
1635 602 1924 666 Hungarici;

133 700 239 760 sed,
279 717 380 764 quae
418 695 544 744 simul
583 695 761 760 sumpta
799 709 937 741 unam
974 691 1057 740 vix
1094 692 1294 758 implent
1329 697 1581 761 paginam.‘
1610 704 1844 753 Praetesea
1881 707 1927 754 jn

138 798 502 870 splendidiffimo
543 796 739 846 Comitis
776 789 953 860 Aloysti
989 790 1197 854 Marstliz‘
1242 796 1404 862 Opere
1454 801 1711 854 Danubiali
1767 818 1930 858 extant

134 903 361 953 nonnulla
399 882 733 953 Sabarienfium
770 906 1073 945 monumenta
1110 896 1307 947 Tabulis
1346 901 1482 949 aeneis
1522 906 1748 970 expressa.
1809 913 1927 977 Quae

135 1018 289 1057 autem
328 1001 562 1056 Melchior
598 998 864 1063 Inchoferus
898 1000 947 1049 in
983 1000 1065 1048 suo
1103 999 1163 1047 ad
1185 999 1395 1050 Annales
1425 1004 1772 1058 Ecclefiasticos
1799 1014 1931 1061 Hun-

133 1112 273 1177 gariae
313 1108 559 1175 Adparatu
597 1105 655 1154 de
692 1101 827 1152 rebus
865 1101 1208 1153 Sabarienfibus
1247 1103 1453 1166 differit,
1502 1107 1602 1155 fere
1651 1125 1747 1157 non
1796 1111 1932 1161 alteri

144 1214 235 1263 usui
276 1213 363 1261 effe
402 1209 587 1277 poffunt
611 1249 625 1270 ,
675 1213 816 1272 quam
864 1214 915 1254 ut
963 1204 1259 1255 refellantur:
1297 1207 1528 1257 Lazianas
1567 1209 1691 1257 enim
1728 1211 1934 1277 sequitur

123 1296 454 1374 conjefflcu'ras,
492 1313 536 1360 &
573 1310 804 1376 figmenta.
845 1305 1169 1358 Nihilominus
1206 1318 1361 1358 tamen
1397 1311 1430 1359 ii
1470 1311 1638 1371 etiam,
1678 1313 1758 1377 qui
1795 1314 1933 1362 serius

135 1419 193 1467 de
231 1415 417 1467 Sabaria
454 1414 701 1479 scripsere,
740 1422 789 1462 ut
826 1409 1109 1463 Bonbardius
1144 1412 1192 1458 in
1220 1412 1568 1478 Topographia
1605 1414 1761 1477 Regni
1798 1417 1932 1463 Hun-

134 1521 295 1587 gariae,
334 1518 378 1565 ὅτ
416 1509 613 1565 Gabriel
646 1507 941 1574 Szemfclhehi
976 1511 1023 1560 in
1046 1512 1409 1577 Chorographia
1447 1512 1703 1562 celebrium
1731 1518 1926 1582 Hunga-

138 1624 217 1671 riae
256 1617 439 1667 urbium
463 1656 476 1676 ‚
512 1614 708 1662 Lazium
745 1613 983 1677 praecipue
1022 1612 1367 1676 compilarunt,
1403 1612 1562 1676 paucis
1600 1610 1658 1658 de
1695 1612 1774 1660 sua
1812 1629 1933 1676 penu

137 1720 341 1780 adjeetis.
385 1717 530 1764 Anno
568 1710 757 1761 demum
801 1725 923 1778 1753
964 1712 1221 1777 TyrnaVIae
1257 1712 1306 1760 in
1337 1711 1491 1761 lucem
1529 1711 1710 1777 prodiit
1748 1711 1933 1763 libellus

135 1824 230 1873 fine
270 1819 494 1870 Auem-is
544 1815 734 1866 nomine
758 1855 771 1876 ,
811 1831 838 1863 a
876 1813 1195 1880 Philosophiae
1234 1812 1548 1863 Auditoribus
1579 1852 1592 1874 .,
1646 1815 1934 1864 Promotore

144 1930 198 1977 P.
238 1923 457 1988 Stephano
495 1916 619 1983 Gcl'fi)
642 1959 655 1979 ‚
692 1917 925 1966 honorem
962 1917 1225 1983 Magisterii
1260 1916 1521 1965 consecutis
1548 1956 1562 1978 ,
1609 1914 1794 1964 oblatus
1819 1959 1831 1978 ,
1885 1918 1933 1967 in

144 2046 243 2094 quo
296 2022 505 2092 paullum
551 2018 776 2081 uberior,
826 2019 1129 2085 limatiorque
1176 2018 1462 2085 proponitur
1506 2018 1673 2067 notitia
1713 2018 1934 2068 Coloniae

143 2128 360 2180 Sabariae.
410 2125 596 2175 Titulus
635 2123 786 2173 libelli
824 2122 915 2173 est:
942 2163 971 2185 ἡ,
1009 2123 1392 2182 Differtationes‚
1429 2120 1575 2170 altera
1616 2119 1674 2169 de
1714 2119 1932 2170 Coloniis

154 2270 185 2292 ‚7
233 2231 557 2279 Romanorum
580 2228 624 2275 in
656 2245 855 2292 genere,
885 2227 1030 2275 altera
1057 2226 1114 2274 de
1143 2225 1359 2276 Coloniis
1392 2224 1770 2273 Romanorumin
1802 2225 1921 2272 Pan-

151 2373 182 2395 „
222 2335 377 2384 nonia.
403 2372 432 2392 „
460 2330 721 2381 Noviffime
742 2331 849 2378 item
873 2328 1216 2379 Celeberrimus
1234 2326 1480 2391 Stephanus
1501 2323 1707 2389 Salagius
1726 2323 1932 2373 inexcel-

142 2437 265 2486 lenti
304 2438 464 2503 Opere
503 2435 583 2484 suo
632 2434 689 2482 de
728 2435 858 2485 Statu
896 2431 1119 2484 Ecclefiae
1158 2430 1443 2480 Pannonicae
1481 2426 1632 2477 Libro
1671 2426 1752 2474 ΙΙΙ.
1795 2426 1936 2492 Capi-

150 2550 196 2589 te
236 2539 339 2587 VH.
376 2537 678 2604 quaeilionem
717 2535 773 2581 dc
812 2537 1006 2600 antiquo
1045 2536 1338 2601 Episcopatu
1363 2527 1621 2582 Sabarienfi
1656 2546 1753 2578 non
1790 2530 1940 2578 minus

2059 2437 2065 2463 *l

2058 2469 2065 2491 l
