2065 2927
155 67 198 108 25
746 68 982 110 LIBRI
1061 73 1311 114 PRIMI

151 154 439 216 manifestissima
473 155 612 192 viriosa:
640 154 855 204 scriptionis
889 155 1028 193 indicia
1054 159 1197 198 habeat.
1234 161 1331 210 Quis
1366 163 1467 199 enim
1501 164 1690 214 ignorat,
1730 166 1960 204 Carnuntum

148 224 185 257 ¹n
214 221 295 271 ipso
332 220 428 257 adeo
460 220 585 257 littore
618 220 820 274 Pannoniae
846 248 858 266 ,
892 221 1033 269 quippe
1061 222 1100 257 in
1137 224 1216 272 ripa
1247 224 1439 274 Danubii,
1472 239 1549 274 quo
1584 229 1665 264 haec
1701 240 1720 263 a
1753 229 1956 265 Germania

150 296 285 332 magna
317 282 586 330 dirimebatur,
623 279 781 330 stetisse,
819 280 984 329 ideoque
1017 282 1100 319 fieri
1133 296 1210 322 non
1245 286 1433 336 potuisse,
1469 300 1508 325 ut
1537 290 1680 327 Plinius
1709 302 1850 328 centum
1867 293 1956 340 fere

151 345 263 383 millia
293 345 465 395 pastuum
499 343 616 395 αόςβὲ
652 358 678 381 a
713 346 900 383 Carnunto
931 343 1034 383 littus
1068 342 1254 384 Pannonia
1293 350 1484 388 scriberet.
1533 351 1698 407 Quinto:
1735 353 1955 390 Auctoritas

155 410 306 447 Tabulae
331 408 630 455 T‘heodofianae,
655 408 716 445 seu
738 408 873 444 ree-‘tius
899 407 1224 457 Peutingerianae‚
1249 412 1374 457 quoad
1398 414 1536 455 Norici
1560 414 1598 452 ὃ(
1621 416 1824 452 Pannoniae
1856 416 1956 451 lirni-

153 483 233 519 tes,
270 472 396 518 quales
426 471 554 520 primo
584 469 843 518 Augustorum
874 470 1011 507 saeculo
1047 484 1175 520 erant,
1218 473 1317 509 nulla
1350 476 1419 514 est:
1459 479 1545 524 quia
1579 479 1658 514 haec
1693 479 1809 526 longe
1836 477 1958 527 poste-

152 534 318 579 riorem,
359 532 399 570 ἃ
431 535 527 569 hanc
559 544 734 581 praeterea
767 533 894 570 multis
924 533 1022 570 locis
1055 546 1252 573 erroneam
1289 538 1438 585 prorsus
1480 540 1635 578 exhibet
1676 542 1956 591 provinciarum

150 595 469 644 descriptionem,
498 594 822 642 quemadmodum
854 595 892 632 id
918 595 1095 634 omnibus
1122 598 1262 647 hodie,
1288 601 1352 647 qui
1377 603 1651 640 accuratiorem
1677 600 1756 652 ejus
1776 603 1954 640 notitiam

151 657 289 694 habent
304 685 316 705 ,
337 668 482 693 certum
509 656 548 694 δε
567 658 805 706 exploratum
824 658 893 695 est.

324 721 509 757 Hac-lenus
548 721 594 756 ad
621 720 784 759 Severini
815 723 991 759 rationes.
1026 722 1080 760 At
1113 722 1413 774 christophorus
1437 722 1588 775 Jordan
1614 753 1626 774 ,
1673 727 1738 774 qui
1780 739 1799 762 a
1837 726 1954 763 fluvio

150 777 287 819 Leitha
323 783 569 820 Desertorum
598 784 811 821 Boicorum
845 784 991 820 initium
1027 784 1165 833 ducit,
1208 785 1356 823 idcirco
1395 799 1508 836 negat
1541 789 1621 824 haec
1656 789 1812 826 Deserta
1845 789 1962 836 usque

151 844 452 892 Vindobonam,
480 857 727 893 montemque
745 846 899 884 Cetium
923 844 1115 896 pertigisse
1131 877 1142 896 ,
1167 848 1272 896 quod
1298 861 1342 886 ex
1363 847 1539 887 Ptolemaei
1554 849 1810 900 descriptione
1828 864 1961 899 agrum

148 905 490 944 vindobonensem
525 920 603 944 non
640 908 753 959 Boji,
787 909 848 947 sed
885 907 996 957 Azali
1036 908 1188 947 tenuiss'e
1222 909 1429 948 videamur.
1474 911 1538 948 Sic
1574 913 1711 949 etenim
1751 913 1951 949 Pannoniae

150 970 364 1018 Superioris
403 971 572 1019 populos
607 971 788 1010 describit
818 974 1067 1012 Ptolemaeus:
1110 970 1243 1010 Tenent
1267 972 1496 1023 provinciam
1525 988 1551 1011 a
1581 985 1694 1024 parte
1730 973 1961 1024 Septentrio—

147 1033 202 1071 nis
233 1031 369 1079 Azali,
404 1033 466 1083 qui
495 1034 615 1086 magis
640 1033 883 1074 occidentales
907 1038 1022 1086 sient,
1058 1032 1091 1073 Β
1111 1064 1123 1083 ,
1159 1034 1221 1087 qui
1256 1033 1383 1088 magis
1414 1034 1607 1073 orientales
1626 1036 1740 1083 sunt,
1774 1034 1893 1082 Cyrni.
1927 1031 1963 1071 A

151 1092 300 1132 meridie
328 1103 452 1131 autem
472 1093 653 1134 Latobici
671 1096 745 1146 sub
775 1097 928 1136 Norico.
965 1096 1104 1148 Versus
1126 1110 1246 1136 ortum
1277 1096 1474 1137 Varciani:
1500 1097 1536 1134 in
1558 1094 1676 1133 medio
1700 1097 1822 1144 versics
1848 1109 1958 1133 occa-

138 1159 223 1207 sum
256 1157 339 1209 Boji
357 1174 371 1197 ;
414 1158 447 1199 {5
468 1158 543 1208 ficb
577 1159 622 1198 iis
657 1160 846 1200 Coletiani.
877 1161 984 1213 ιῙιζθὶἰ
1013 1175 1098 1200 vero
1134 1158 1190 1198 ad
1219 1171 1367 1207 crtum,
1392 1158 1466 1209 sub
1496 1157 1652 1211 ipfisque
1683 1158 1869 1207 Ofhriates
1903 1154 1960 1213 ἦ).

150 1218 283 1268 Unde,
311 1221 436 1268 inquit
465 1222 554 1270 ille,
587 1220 700 1272 Azali
734 1225 836 1261 circa
869 1225 1144 1263 Vindobonam
1182 1224 1296 1271 usque
1337 1222 1384 1260 ad
1418 1223 1542 1259 lacum
1576 1221 1774 1259 Peisonem
1810 1221 1964 1257 habita-

150 1294 258 1327 runt3
281 1285 341 1321 his
360 1285 477 1321 vicini
501 1285 604 1323 fuere
629 1285 738 1334 Cyrni
765 1288 879 1335 usque
907 1287 954 1324 ad
975 1287 1131 1325 insulam
1161 1282 1312 1330 Sobata,
1343 1298 1454 1333 quam
1478 1283 1676 1321 Danubius
1699 1282 1826 1320 efficit.
1848 1283 1952 1319 Dein

148 1344 332 1384 Latobici
360 1346 529 1385 dextram
569 1348 681 1397 Savi,
719 1361 784 1398 per
817 1349 1054 1385 Carnioliam
1088 1347 1262 1393 fluentis,
1301 1343 1480 1383 Varciani
1504 1357 1596 1382 vero
1622 1344 1803 1381 finistram
1828 1355 1955 1382 tenue-

148 1411 234 1447 rint.
255 1407 382 1460 ]affi'is
417 1410 650 1447 obvenerunt
682 1411 762 1459 agri
805 1411 843 1446 in
877 1409 1007 1447 dextra
1038 1409 1251 1447 Arrabonis
1284 1409 1364 1459 ripa
1397 1410 1522 1446 versus
1554 1410 1677 1446 lacum
1707 1409 1949 1447 Balatonem:

149 1485 245 1510 terra
273 1484 396 1510 autem
429 1475 525 1512 inter
559 1476 660 1510 hunc
689 1474 813 1511 lacum
848 1474 887 1512 &
914 1485 1059 1523 partem
1091 1473 1209 1510 Dravi
1245 1472 1307 1509 fita
1335 1473 1556 1521 spectaverit
1588 1472 1636 1508 ad
1661 1472 1854 1520 Oseriates.
1884 1472 1953 1507 Co·

145 1534 270 1574 Ietiaffi
301 1535 451 1574 fuerunt
484 1537 537 1574 siti
567 1538 663 1573 inter
691 1538 870 1580 Murum,
895 1537 1143 1579 Dravumque
1167 1531 1316 1568 fluvios.
1340 1532 1508 1570 Demum
1535 1530 1744 1582 subjungit:
1776 1533 1952 1583 Bojorum

137 1609 241 1647 pars
263 1594 459 1644 neceffario
489 1593 645 1633 debebat
676 1595 744 1643 effe
775 1595 811 1632 in
826 1594 906 1641 ficu
938 1592 1187 1632 Scarabantiae
1218 1592 1320 1640 (qnae
1338 1603 1434 1629 certe
1455 1590 1563 1629 hodie
1582 1595 1675 1638 fiant
1701 1591 1950 1641 Oedenburg„

148 1658 188 1696 &
213 1656 310 1694 Stein
328 1669 389 1694 am
415 1655 567 1707 Anger)
600 1667 692 1706 ergo
726 1653 818 1691 inter
827 1652 970 1702 flavios
992 1648 1169 1690 Leiclzam
1201 1649 1232 1689 ὃ)
1262 1650 1512 1692 Arrabonem.
1536 1667 1661 1705 prope
1692 1651 1857 1701 styriam
1883 1650 1952 1692 ho·

149 1716 313 1756 diernam
344 1717 386 1765 i).
1996 1762 2002 1769 „

321 1779 510 1818 Adversus
540 1780 616 1815 hoc
645 1775 799 1819 Jordani
828 1777 1072 1814 ratiocinium
1104 1776 1254 1816 adduco
1281 1779 1476 1825 Plinium,
1512 1778 1576 1824 qui
1614 1789 1693 1815 non
1729 1776 1850 1814 modo
1886 1775 1961 1814 Sa-

149 1839 322 1890 basiam,
353 1842 392 1880 ὃ(
422 1839 706 1888 Scarbantiam,
739 1853 869 1878 verum
899 1841 1018 1892 ipsam
1050 1851 1204 1887 quoque
1234 1838 1402 1890 Juliam,
1428 1840 1490 1877 seu
1507 1837 1771 1889 Juliobonam,
1796 1839 1953 1887 alioque

150 1905 304 1940 nomine
345 1901 626 1952 Vindobonam,
658 1905 695 1940 in
725 1905 892 1943 Dese-rtis
924 1902 1112 1954 Bojorum
1142 1904 1276 1942 stetisse
1307 1904 1491 1941 adfirmat.
1527 1903 1652 1941 Plinio
1684 1902 1798 1950 igitur
1827 1901 1952 1940 facem

151 1966 397 2016 praeferente,
431 1967 705 2004 Ptolemaicam
733 1967 963 2016 populorum
996 1967 1201 2006 Pannoniae
1223 1968 1440 2017 Superioris
1467 1963 1761 2015 descriptionem
1795 1967 1872 2015 ipse
1903 1966 1955 2003 ita

150 2031 402 2080 interpretor:
430 2029 474 2067 In
497 2030 788 2079 Septentrionali
815 2026 925 2079 hujus
949 2031 1159 2079 provinciae
1181 2044 1285 2082 parte
1307 2029 1422 2080 Azali
1443 2030 1618 2069 tenebant
1639 2041 1752 2066 terras
1777 2028 1957 2067 hodierni

152 2093 368 2131 Comitatus
394 2091 672 2140 Mosoniensis,
707 2092 747 2130 δε
778 2093 941 2129 vicinam
970 2092 1130 2131 Austriae
1163 2106 1309 2144 partem
1338 2096 1451 2143 usque
1479 2093 1524 2130 ad
1552 2093 1774 2131 Petronellae
1810 2094 1959 2142 vicum,

152 2153 190 2189 in
220 2166 297 2200 quo
321 2152 503 2190 Carnunti
530 2151 662 2190 rudera
693 2153 784 2203 sunt.
819 2151 931 2201 Cytni
956 2165 1046 2190 vero
1079 2155 1295 2196 habitabant
1323 2159 1362 2194 in
1385 2150 1641 2194 Comitatibus
1658 2156 1890 2204 Jaurinenfi,
1913 2155 1953 2194 ὅ(

154 2215 486 2264 Comaromienfi,
516 2226 667 2263 eratque
702 2214 925 2252 Danubialis
952 2216 1069 2253 insula
1100 2218 1236 2256 Sch'utt
1262 2220 1487 2268 Cytnorum,
1520 2231 1600 2266 quae
1632 2217 1748 2256 hodie
1777 2230 1854 2255 non
1882 2218 1952 2256 rite

156 2277 342 2315 Cituorum
369 2290 535 2315 vocatur.
565 2277 860 2317 Meridionalem
888 2279 1039 2328 plagam
1075 2279 1254 2318 colebant
1272 2277 1477 2330 Latobici,
1512 2283 1550 2319 in
1586 2282 1771 2319 hodierna
1806 2281 1954 2318 scilicet

155 2340 378 2385 Carniolia3
410 2342 543 2388 hisque
574 2342 724 2379 finitimi
753 2353 857 2380 erant
888 2341 1093 2391 Varciani,
1130 2356 1309 2393 agrorum
1340 2345 1442 2383 circa
1477 2346 1615 2383 Savum
1647 2344 1791 2382 coloni.
1835 2342 1957 2382 Medii

1417 2469 1519 2477 vzn—-w

199 2542 240 2580 Ι.·)
264 2541 384 2581 Geogr.
409 2539 463 2571 lib.
492 2550 519 2572 2⁷
544 2550 615 2581 esp.
644 2550 688 2576 15.

200 2592 238 2633 i)
259 2593 381 2632 Jordan
406 2593 444 2625 de
469 2595 557 2635 OtIg.
583 2596 668 2627 Sis-iv.
693 2599 723 2626 P.
750 2597 806 2627 ΙΙΙ.
835 2598 864 2629 in
889 2598 1006 2642 Adpar.
1033 2600 1156 2639 Geogr.
1180 2607 1211 2639 p.
1236 2606 1285 2638 91.

1704 2644 1910 2683 Latobicoa
