2065 2927
454 102 1073 159 CONSPECTUS
1156 96 1512 154 OPERIS.

98 283 101 285 .
108 283 117 285 >
135 278 384 286 —---—---—-a—---

561 374 852 423 LIBER
938 367 1378 424 OCTAVUS

231 474 316 528 De
341 473 496 526 Rebus
535 476 735 528 civitatis
763 476 959 528 Sabariae
980 472 1069 540 suh
1105 469 1347 536 Episcopis
1383 467 1721 535 Jaurinensthus

531 566 585 617 ab
617 581 725 618 anno
772 565 932 628 Clmsti
974 573 1117 633 1578.
1157 564 1216 614 ad
1252 576 1397 627 1777.

84 755 371 841 CAPUT
404 790 433 835 1.
474 790 716 836 Decretum
749 787 803 833 de
846 784 1054 845 Capitulo
1098 782 1371 833 Castriferrei
1421 782 1643 832 Sabariam
1684 779 1868 830 transfe-

256 868 420 924 rend0‚
445 867 493 916 8(
515 866 672 913 Literae
699 864 881 924 Georgii
911 862 1178 912 Drascovith
1210 863 1417 924 Episcopi
1448 860 1728 919 Mutinensis,
1766 877 1869 907 con-

256 944 502 992 firmatoriae
530 942 860 1002 Privilegiorum
891 943 1067 994 Joannis
1099 941 1378 1005 Ankerayter
1405 945 1620 991 datorum.
1652 959 1694 1002 p.
1717 952 1811 1002 295.

87 1026 221 1074 CAP.
256 1026 302 1071 II.
334 1025 408 1070 De
434 1023 614 1084 Synodo
643 1021 902 1069 Dioecesana
931 1022 1165 1074 Jaurinenfi
1197 1024 1381 1070 Sabariae
1407 1021 1623 1069 celebrata
1645 1037 1688 1080 p.
1717 1036 1812 1081 297.

88 1104 221 1152 CAP.
251 1104 323 1149 III.
355 1104 428 1150 De
466 1101 598 1149 rebus
641 1100 828 1148 Sabariae
868 1100 943 1148 sub
989 1100 1167 1161 reliquis
1208 1101 1436 1161 Episcopis
1479 1098 1796 1151 Jautinenfibus
1832 1099 1875 1146 in

260 1181 378 1229 exitu
415 1179 572 1228 Saeculi
617 1181 735 1227 XVI.
765 1177 815 1228 &
845 1178 969 1228 initio
1008 1181 1145 1228 XVII.
1188 1178 1474 1239 Conscriptio
1515 1180 1733 1227 redituum
1769 1177 1877 1226 arcis

259 1258 531 1307 Sabarienfis.
575 1260 749 1306 Damna
791 1258 1101 1309 Sabarienfium
1143 1259 1324 1308 durante
1363 1255 1638 1307 Botskaiano
1681 1255 1876 1307 tumultu.

260 1340 392 1386 Nova
427 1354 625 1387 veterum
670 1335 1001 1398 privilegiorum
1033 1341 1325 1388 instrumenta.
1365 1336 1635 1388 Franciscani
1669 1335 1878 1384 Sabatiam

259 1417 437 1465 reduffi.
472 1435 514 1477 p.
548 1426 645 1481 30'7.

94 1496 219 1542 CAP.
250 1497 322 1540 lV.
355 1496 579 1554 Singulare
617 1498 919 1560 privilegium,
959 1498 1278 1546 Sabarienfibus
1325 1496 1380 1544 ab
1419 1498 1692 1555 Imperatore
1735 1493 1884 1542 Ferdi-

264 1572 406 1618 nando
436 1574 488 1619 ΙΙ.
522 1575 791 1634 concellum,
823 1590 1025 1635 tempore
1060 1575 1238 1632 iunioris
1265 1574 1451 1632 Georgii
1476 1572 1758 1622 Draskovith
1783 1573 1886 1633 Epi-

267 1645 381 1707 scopi
414 1650 683 1697 Jaurinenfis.
718 1669 760 1710 p.
786 1667 887 1712 317.

96 1727 233 1776 CAP.
265 1730 318 1777 V.
352 1731 425 1776 De
447 1729 705 1778 introductis
736 1730 954 1778 Sabariam
980 1729 1284 1780 Dominicanis
1315 1744 1396 1788 per
1417 1727 1662 1788 Georgium
1683 1726 1886 1777 Drasko-

271 1806 365 1856 vith
394 1807 629 1865 juniorem,
661 1809 926 1868 Episcopum
957 1808 1262 1860 Jaurinensem.
1286 1823 1330 1867 p.
1359 1822 1456 1869 321.

97 1885 231 1934 CAP.
265 1888 337 1933 VI.
371 1888 444 1934 De
477 1886 662 1945 querelis
692 1888 929 1947 variorum,
969 1890 1190 1950 praecipue
1223 1886 1460 1945 nobilium,
1493 1887 1544 1938 &
1572 1887 1728 1936 civium
1758 1887 1888 1935 Saba-

270 1965 467 2013 rienfium
512 1964 714 2014 adversus
756 1967 1010 2016 Antistitem
1052 1967 1174 2016 suum
1213 1967 1459 2028 Georgium
1497 1964 1806 2023 Draskovith,
1841 1984 1891 2013 ac

275 2044 329 2091 de
359 2042 559 2091 remediis
584 2042 795 2093 adhibitis.
826 2048 936 2094 Item
964 2049 1017 2095 de
1039 2049 1231 2107 ejusdem
1255 2046 1526 2096 Succeffore.
1553 2062 1596 2105 p.
1619 2059 1716 2106 324.

105 2121 240 2170 CAP.
274 2125 363 2169 Vll.
396 2124 469 2171 De
505 2122 722 2171 ereffione
745 2126 943 2184 Templi,
974 2145 1024 2174 ac
1048 2129 1101 2175 de
1127 2127 1438 2176 restauratione
1463 2125 1589 2176 Arcis
1618 2121 1892 2172 Sabarienfis.

275 2203 380 2248 Item
419 2203 498 2250 alia
541 2203 736 2263 quaedam
777 2221 849 2252 res
890 2204 1161 2254 Sabarienses
1200 2208 1507 2255 concernentia
1547 2203 1624 2253 sub
1658 2202 1895 2264 Episcopis

278 2280 478 2340 Georgio
500 2281 767 2345 Szechenyi‚
797 2283 846 2334 &
877 2286 1113 2345 Leopoldo
1138 2286 1377 2335 Kollonits.
1399 2302 1429 2344 p
1452 2299 1552 2345 329.

108 2357 241 2407 CAP.
273 2359 387 2405 VIII.
419 2361 492 2407 De
514 2362 643 2410 rebus
667 2362 853 2410 Sabariae
877 2379 1082 2424 tempore
1105 2364 1426 2426 Episcoporum
1451 2361 1751 2416 Jaurinenfium
1771 2361 1900 2411 Chri-

278 2435 397 2483 stiani
426 2441 609 2499 Augusti
642 2443 784 2490 Ducis
817 2444 1039 2503 Saxoniae,
1072 2444 1121 2494 &
1156 2443 1340 2504 Philippi
1374 2443 1591 2493 Ludovici
1625 2440 1905 2490 Sinzendorf.

288 2516 445 2564 Literae
476 2519 656 2579 Regiae,
690 2521 847 2581 quibus
884 2523 1202 2571 Canonicorum
1237 2524 1422 2570 Sabariae
1455 2522 1707 2583 degentium
1740 2521 1902 2575 Domi,

283 2592 363 2641 bus
390 2595 636 2646 immunitas
656 2601 923 2650 conceditur.
946 2619 989 2662 p.
1014 2617 1113 2664 333.
