2065 2927
570 106 847 145 CAPUT
926 100 1338 141 TERTIUM.
1813 108 1857 146 13

74 218 153 244 tum
187 205 274 252 quii
300 199 425 238 indice
451 194 602 245 Lapidis
633 194 876 243 inscriptione
907 185 1129 226 Scarbantia
1155 186 1300 223 titulum
1327 182 1456 222 flavia:
1484 181 1635 228 habuit3
1672 181 1763 218 mihi
1790 178 1866 231 jam

74 280 219 306 certum
251 264 325 311 est,
358 259 455 310 apud
487 256 635 295 Plinium
668 253 925 294 Scarbantiam
953 249 1093 301 Juliarn
1124 263 1200 286 non
1237 249 1369 297 unius,
1405 247 1467 286 sed
1507 246 1667 314 duorum
1704 248 1870 298 oppido-

76 344 159 368 rum
188 327 340 365 nomina
371 321 467 369 effe,
497 320 669 366 adeoque
699 319 736 354 in
758 312 1006 353 vetustissimis
1028 309 1132 348 Plinii
1152 310 1380 357 codicibus,
1417 310 1454 347 ὅ(
1486 311 1522 346 in
1560 309 1730 360 ejusdem
1765 323 1870 349 auto-

76 392 222 441 grapho
251 395 439 423 exaratum
473 379 605 428 fuiffe,
639 391 717 416 non
753 373 892 428 oppido
923 372 1174 412 Scarabantia
1193 372 1324 423 Julia,
1362 372 1424 410 sed
1453 371 1596 423 oppida
1624 373 1871 423 Scarbantia,

70 450 186 503 Julia.
1118 499 1125 505 ⁶
1269 499 1278 504 ἢ
1364 500 1371 506 υ
1546 499 1553 506 ·

247 511 298 548 Et
325 520 417 546 vero
451 517 530 543 rem
561 504 610 540 ita
639 503 674 540 se
700 502 734 538 se
763 499 925 545 habere,
966 511 1222 546 unusqutsque
1259 499 1459 547 fatebitur,
1492 512 1556 546 qui
1590 509 1732 535 textum
1765 498 1872 547 supra

77 564 265 615 laudatum
294 575 331 609 in
361 567 634 617 antiquioribus
667 563 827 601 Pliniana
856 560 1019 598 historiae
1055 560 1255 599 codicibus
1288 562 1360 599 five
1396 561 1688 610 Manuscriptis,
1719 559 1791 597 five
1825 559 1871 596 ab

73 653 173 678 asmo
219 641 324 682 1469,
357 648 434 683 quo
471 633 646 682 princeps
683 624 925 669 editiofac‘ta
958 624 1009 661 est
1038 624 1080 671 u)
1111 625 1226 672 usque
1257 624 1303 660 ad
1333 637 1468 661 annum
1507 634 1612 673 1535.
1653 623 1835 673 impressis
1855 651 1868 670 ‚

78 703 282 740 dilioenter
311 696 514 737 excuss'erit.
545 692 716 731 Inveniet
746 690 847 725 enim
878 689 916 723 in
951 685 1145 736 postremo
1180 684 1349 734 ejusdem
1382 698 1503 725 textus
1539 685 1714 725 membro
1748 687 1872 725 solum

75 733 303 804 Scai'bantiae
329 770 494 806 nomen,
527 753 632 804 quod
664 750 902 789 corretflione
934 748 1125 797 indiguit,
1169 751 1310 788 variare
1331 779 1343 798 ,
1375 749 1564 799 adscripto
1594 762 1731 799 nempe
1762 749 1873 786 libra-

81 830 224 867 riorum
255 824 467 875 imperitia,
496 820 556 858 vel
591 813 812 860 oscitantia,
844 809 966 848 modo
1001 808 1270 860 Carambariae,
1305 812 1425 849 modo
1454 811 1708 860 Curabantiae,
1745 812 1874 863 postea

76 903 121 928 ex
156 886 343 926 Ptolemaeo
373 877 616 922 Sacarbantiae
639 906 651 926 ,
680 887 741 913 aut
774 887 819 913 ex
846 872 1045 911 itinerario
1077 869 1248 910 Antonini
1285 872 1535 911 Scarabantia
1570 874 1788 912 vocabulo:
1837 876 1876 911 in

77 951 226 996 reliquo
255 958 377 984 autem
411 938 552 993 oppida
581 937 635 974 ibi
664 935 762 984 effe,
798 947 876 971 non
908 932 1075 985 oppido,
1111 937 1150 974 &
1181 938 1220 973 in
1244 938 1437 974 nonnullis
1473 937 1748 988 exemplaribus
1782 949 1876 975 con-

84 1013 222 1049 suetam
251 1017 402 1057 quoque
424 999 737 1051 interpunctionis
761 1009 888 1034 notam
916 997 1013 1035 inter
1040 998 1347 1049 Scarabantiam,
1371 999 1582 1053 Julianzque
1607 1002 1877 1052 deprehendet.

84 1071 160 1110 Sed
190 1069 281 1118 quid
306 1066 434 1104 multis
456 1067 582 1112 opus?
617 1073 704 1097 cum
736 1058 775 1096 id
806 1059 965 1109 ipsemet
992 1060 1161 1098 Gelenius
1190 1062 1346 1100 fateatur
1376 1064 1412 1099 in
1438 1064 1770 1113 adnotationibus,
1797 1078 1878 1112 quae

80 1135 140 1173 vel
167 1115 206 1170 in
234 1129 383 1177 fronte,
418 1127 478 1164 vel
509 1124 555 1161 ad
593 1125 737 1161 calcem
777 1123 903 1173 operis
936 1120 1090 1160 Pliniani
1121 1123 1167 1159 ab
1197 1125 1280 1174 ipso
1315 1125 1484 1174 castigati
1511 1125 1583 1164 effe
1612 1127 1763 1175 solent,
1796 1129 1879 1164 haec

79 1194 125 1232 ad
160 1192 247 1229 libri
269 1190 337 1229 ΙΙΙ.
363 1200 474 1239 caput
500 1187 646 1225 XXIV.
681 1183 891 1237 adjiciens:
922 1182 1012 1235 Jam
1041 1195 1161 1223 tamen
1188 1185 1333 1224 colonia
1360 1186 1411 1226 D.
1444 1186 1590 1226 Claudii
1614 1187 1776 1226 Sabaria
1798 1217 1810 1237 ‚
1849 1185 1880 1227 ΕΞ

80 1252 223 1308 oppida
248 1249 503 1297 Carabantia,
531 1246 649 1299 Julia.
681 1245 940 1294 Restituimus,
971 1246 1093 1295 inquit
1124 1249 1208 1286 ille:
1229 1250 1313 1300 jam
1341 1261 1461 1289 tamen
1486 1250 1630 1290 colonia
1655 1252 1705 1290 D.
1733 1250 1880 1290 Claudii
1914 1302 1917 1306 ἣ

82 1315 272 1363 Sabaria,
306 1312 337 1352 ὃ
372 1310 513 1366 oppido
535 1310 641 1363 Julia
666 1309 916 1349 Scarabantia
941 1307 1163 1349 habitantur.
1194 1314 1376 1351 Praeterea
1413 1314 1516 1354 idem
1549 1318 1586 1353 jn
1613 1317 1783 1370 Epistola
1816 1317 1881 1355 de-

81 1380 269 1418 dicatoria
298 1379 400 1416 hisce
430 1375 739 1415 adnotationibus
767 1373 917 1425 praefixa
935 1401 948 1421 ,
983 1374 1023 1412 &
1056 1374 1102 1411 ad
1133 1376 1194 1413 Cl.
1221 1378 1342 1415 virum
1370 1377 1596 1416 Damianurn
1627 1392 1653 1416 a
1683 1378 1783 1416 Goes
1809 1380 1879 1417 Ba-

82 1442 177 1479 sileae
207 1441 282 1477 kal.
305 1440 468 1481 Januarii
496 1449 603 1488 1535.
636 1437 744 1486 data,
778 1436 961 1484 infirmat,
991 1439 1052 1487 se,
1079 1438 1144 1476 ubi
1166 1441 1262 1478 inter
1288 1443 1471 1479 variantes
1498 1441 1680 1478 leffiones
1706 1440 1880 1490 dubium,

78 1514 159 1540 utra
182 1503 319 1539 reetior
343 1501 453 1549 effer,
487 1504 676 1550 occurrit,
709 1500 756 1537 ad
791 1500 936 1550 phrasin
962 1498 1163 1538 Plinianam
1187 1501 1388 1551 diligenter
1412 1503 1606 1542 attendisse
1624 1532 1636 1552 ,
1663 1515 1774 1552 atque
1802 1507 1880 1542 hoc

84 1567 167 1603 solo
197 1565 330 1601 intuitu
360 1563 529 1611 quacdam
562 1553 668 1599 aliter
703 1561 868 1598 edidiffe.

256 1626 350 1672 Quae
383 1637 470 1661 cum
506 1627 554 1661 ita
589 1626 683 1672 fint,
723 1625 932 1661 restituatur
959 1636 1054 1670 ergo
1084 1622 1150 1658 fibi
1191 1621 1349 1670 Plinius,
1376 1624 1416 1662 &
1440 1622 1600 1675 rejecita,
1627 1639 1707 1673 quae
1733 1626 1884 1665 Gelenio

85 1696 227 1724 tantum
263 1685 505 1734 antesignano
529 1716 541 1736 ,
580 1688 618 1723 in
651 1699 786 1724 omnes
817 1686 1047 1736 posteriores
1079 1682 1266 1719 editiones
1303 1685 1499 1733 irrepserat
1520 1715 1532 1734 ,
1578 1688 1709 1724 vitiosa
1744 1691 1807 1726 illa
1831 1692 1883 1729 le·

83 1750 234 1786 itione:
271 1745 412 1798 oppido
447 1747 700 1786 Scarabantia
727 1747 853 1799 Julia:
898 1745 1077 1786 vetustior
1111 1746 1221 1792 haec,
1259 1746 1545 1796 sinceriorque:
1585 1749 1728 1802 oppida
1771 1752 1883 1791 Scar-

83 1807 211 1847 bantia
236 1833 248 1851 ,
291 1805 396 1856 ]ιι[ι”α
422 1821 430 1846 :
484 1822 695 1858 reponatur.
750 1811 919 1848 Nomine
969 1820 1092 1846 autem
1135 1806 1237 1857 Juliae
1295 1822 1372 1847 non
1430 1813 1498 1849 alia
1549 1814 1658 1852 isthic
1697 1817 1885 1866 intelliga-

86 1882 143 1906 tur
187 1868 320 1905 civitas
344 1897 356 1917 ,
396 1881 439 1905 ac
476 1868 653 1907 Ptolemaei
689 1870 914 1922 Juliobona,
952 1883 1034 1920 quae
1080 1874 1223 1909 caeteris
1268 1874 1353 1922 post
1387 1872 1610 1914 Ptolemaeum
1653 1877 1883 1917 Auetoribus·

85 1932 290 1982 adpellatur
337 1929 568 1970 Vindobona.
608 1934 660 1971 At
696 1935 830 1982 enim,
879 1935 1043 1982 inquis,
1086 1935 1124 1970 in
1165 1937 1409 1986 Geographia
1450 1938 1645 1976 Ptolemaei
1685 1937 1887 1989 Juliobona

90 2007 159 2044 pro
189 1990 408 2032 Vindobona
443 1996 587 2032 nonnisi
620 1998 761 2035 vitiosae
800 1998 997 2049 scriptioni
1034 1998 1201 2037 debetur.
1239 1999 1293 2037 Ita
1324 2001 1407 2038 same
1445 2001 1687 2039 crediderunt
1726 2001 1884 2051 Rarius,

92 2056 299 2105 Cluverius,
334 2057 374 2095 &z
403 2055 630 2097 Lambecius
662 2060 723 2108 x).
756 2060 864 2099 Idem
895 2073 1003 2099 antea
1030 2062 1109 2110 ipse
1139 2075 1293 2111 quoque
1325 2066 1462 2101 horum
1493 2065 1751 2102 auetoritatem
1782 2067 1886 2103 secu-

92 2132 148 2158 tus
175 2121 406 2158 credideram
422 2120 490 2170 y).
520 2122 573 2160 At
605 2135 705 2160 nunc
731 2137 965 2175 magnopere
998 2124 1149 2174 probo,
1193 2127 1298 2174 quod
1333 2127 1654 2177 primi-Editores
1684 2124 1888 2176 Ptolemaei,

92 2182 292 2220 vetustiora
322 2184 433 2221 MSS.
462 2184 605 2233 secuti,
642 2185 735 2222 nihil
763 2185 874 2222 isthic
904 2187 1179 2224 immutandum
1206 2189 1442 2237 censuerint,
1472 2201 1600 2226 verum
1637 2202 1708 2239 pro
1750 2187 1887 2228 Vindo-

90 2241 211 2291 bona,
246 2255 325 2290 quae
352 2244 424 2280 illis
459 2245 570 2283 facile
600 2246 639 2282 in
666 2259 833 2284 mentem
865 2249 942 2286 hoc
975 2250 1068 2288 loco
1096 2252 1224 2289 venire
1254 2253 1406 2302 potuit,
1427 2249 1661 2302 Juliobonam
1698 2251 1751 2288 uti
1779 2263 1887 2301 repe-

130 2380 161 2417 n)
186 2378 263 2410 Vid.
289 2377 446 2412 Harwood
466 2382 653 2416 Ueberstcht
674 2387 928 2419 verschiedener
951 2387 1127 2429 Ausgaben
1162 2388 1218 2421 der
1242 2389 1460 2430 griechischen
1485 2389 1548 2422 und
1572 2390 1753 2423 r'o'mlschen
1774 2391 1885 2423 Klaffi-

87 2431 146 2462 ker
170 2441 199 2472 p.
227 2440 295 2473 274.
324 2433 612 2473 Splendidiffimum
637 2438 811 2478 Exemplar
832 2440 990 2482 principis
1014 2442 1167 2475 editionis
1191 2445 1222 2475 in
1234 2444 1362 2475 Codice
1377 2445 1638 2484 membranaceo,
1658 2447 1804 2479 venetiis
1828 2455 1886 2487 per

93 2483 261 2517 NiCOlss'dffl
284 2489 403 2525 ‚Ienson
428 2498 511 2519 anno
540 2492 626 2530 1469.
653 2490 741 2523 fastae
765 2494 797 2525 in
820 2493 881 2525 fol.
906 2495 1045 2535 possidet
1066 2496 1271 2528 Bibliotheca
1297 2497 1374 2528 Caes.
1399 2497 1674 2530 Vindobonenfis.

130 2538 166 2594 x)
188 2542 271 2573 Petr.
296 2540 418 2571 Bertius
442 2542 516 2572 Rer.
543 2543 653 2575 Germ.
678 2543 734 2576 lib.
758 2547 784 2578 Ι.
809 2546 930 2589 Philip.
957 2549 1107 2581 Clmerius
1131 2551 1292 2593 Descn'pt.
1316 2550 1450 2587 Vindel,
1475 2551 1505 2585 &
1529 2552 1613 2584 Nor.
1639 2560 1708 2595 cap.
1731 2557 1760 2595 5.
1796 2551 1884 2605 {am-

95 2590 186 2620 lenus
208 2591 263 2623 111).
289 2596 329 2625 11.
357 2592 443 2624 Bibl.
469 2596 545 2625 Caes.
570 2604 639 2636 cap.
666 2604 694 2629 2.

125 2644 165 2683 y)
190 2641 366 2677 camment,
391 2654 501 2687 geogr.
527 2646 558 2677 in
581 2648 678 2683 Rom.
702 2652 765 2681 Iter
793 2661 850 2693 per
876 2653 1020 2685 Pannon.
1046 2654 1083 2689 P.
1106 2658 1129 2688 Ι,
1155 2665 1185 2698 p.
1214 2664 1284 2697 129.
