2065 2927
601 134 883 174 CAPUT
962 127 1379 183 QUIN‘tuM,
1842 140 1889 177 29

101 229 248 268 fuerint.
283 227 362 264 Hac
384 226 497 273 igitur
524 221 787 260 observatione
816 218 1022 270 praemiss'a,
1046 217 1123 269 jam
1152 218 1375 266 singularum
1395 213 1635 257 mansionum
1655 213 1764 254 litum
1788 216 1890 254 inve-

100 292 233 340 stigare
259 289 360 326 libet.

271 352 393 388 Situm
424 347 569 395 antiqui
595 343 741 394 Sirmii,
782 344 822 383 ἀ
849 343 1113 382 conditionem
1144 341 1217 391 iam
1256 341 1432 379 indicavi.
1472 339 1601 379 Ulmos
1632 351 1755 378 autem
1778 339 1893 379 Itine-

101 416 237 454 rarium
261 412 447 451 Antonini
472 407 635 460 sejungit
662 420 682 445 a
711 408 853 446 Sirmio
879 403 1053 445 Millibus
1075 403 1170 455 Pqffi
1189 404 1338 443 XXVI.
1381 416 1458 440 non
1488 404 1608 440 solum
1635 404 1673 439 in
1701 402 1795 451 isto,
1832 414 1895 440 ve-

94 490 181 516 rum
210 476 322 513 eriam
353 475 391 511 in
421 471 537 511 tribus
575 472 658 509 aliis
690 470 912 518 itineribus,
938 481 1077 518 nempe
1104 481 1142 518 p.
1170 479 1250 515 ¹31⁷·
1273 471 1357 505 261.
1387 467 1427 505 ὃ(
1457 470 1542 508 263.
1567 465 1778 515 descriptis.
1802 466 1894 503 Haec

100 540 155 578 M.
179 539 219 576 P.
243 536 390 575 XXVI.
425 535 561 573 nostris
588 540 635 584 5³2-
659 533 881 571 milliaribus
904 530 1146 581 respondent.
1165 530 1244 569 Ubi
1270 530 1386 579 igitur
1408 531 1489 567 haec
1515 528 1713 576 desmunt,
1741 527 1794 564 ibi
1823 528 1896 564 cir-

99 602 193 638 citer
219 601 347 642 vicum
374 598 502 637 Ulmos
521 596 678 644 stetiffe,
710 609 788 634 non
811 607 952 634 temere
975 593 1221 632 arbitraberis.
1255 591 1428 630 simlerus
1453 591 1569 628 hodie
1600 587 1678 639 Iltz
1702 589 1780 627 dici
1805 589 1896 628 scri-

100 664 154 700 bit
179 661 220 710 l)
257 661 331 700 Sed
359 659 468 711 hujus
500 660 667 698 nominis
700 659 830 697 locum
860 659 922 696 vix
951 658 991 694 in
1021 668 1099 694 tota
1130 655 1321 694 Sirmiensi
1351 654 1550 706 provincia
1583 652 1759 703 reperies.
1794 652 1895 691 Inter

98 724 293 774 Sirmium,
322 725 362 764 ὅ(
393 722 519 762 Ulmos
550 734 653 768 erant
676 721 752 760 vici
773 720 875 768 duo,
906 718 1066 757 Budalia
1097 731 1256 769 nempe,
1290 718 1330 757 &
1363 716 1539 768 Spaneta.
1570 716 1631 753 Ac
1655 715 1892 754 Itinerarium

100 786 255 836 quidem
277 787 467 825 Antonini
490 798 574 836 pag.
601 796 681 832 13¹·
710 780 840 821 lllmos
860 780 973 819 habet
994 793 1066 829 pro
1089 780 1198 828 vico,
1229 779 1293 818 sed
1325 781 1363 817 in
1387 779 1738 833 Hierosolymitano
1770 775 1896 818 Ulmus

102 850 153 887 est
187 848 366 897 Mansio:
396 846 557 900 Spaneta
591 858 681 884 vero
721 842 968 881 solummodo
1000 841 1201 892 Mutatio,
1234 843 1287 880 uti
1323 842 1362 881 ὅ(
1398 840 1555 881 Vedulia
1575 870 1588 890 ‚
1630 853 1712 889 quae
1752 839 1895 877 ibidem

95 924 278 961 corrupte
312 924 383 960 pro
418 906 605 955 Budalia,
639 906 700 944 vel
729 903 889 944 Bubalia
913 904 1098 944 scribitur.
1132 903 1347 944 Ammianus
1379 906 1554 943 meminit
1585 903 1746 954 publicae
1771 899 1897 954 cujus·

98 974 186 1011 dam
219 971 304 1013 villae
332 969 540 1020 Pistrenfis,
573 968 754 1007 vicefimo
784 969 889 1007 sexto
926 968 1051 1019 lapide
1087 982 1106 1006 a
1132 966 1263 1009 Sirmio
1293 968 1462 1006 distantis
1486 996 1499 1016 ⁷
1533 967 1573 1006 ὅ(
1613 965 1766 1014 quidem
1787 993 1800 1013 ,
1841 965 1897 1002 uti

100 1046 278 1087 apparet,
314 1033 491 1082 Mutfam
523 1031 672 1070 versus:
711 1031 811 1069 unde
839 1045 916 1070 non
944 1031 1196 1070 inverifimilis
1229 1031 1282 1069 est
1320 1028 1536 1078 conjeetura
1571 1027 1760 1077 Severini,
1797 1029 1895 1064 hanc

101 1100 226 1137 villam
255 1096 351 1147 apud
388 1094 513 1134 Ulmos
541 1093 685 1133 stetisse.

268 1159 357 1199 Post
396 1156 521 1197 Ulmos
551 1159 706 1197 veniunt
740 1157 872 1197 Cibalae
904 1158 1043 1198 Millib.
1075 1156 1166 1199 Paff.
1199 1155 1391 1206 XXIIII.‚
1426 1157 1486 1195 seu
1522 1166 1554 1205 5.
1580 1153 1816 1194 nostratibus.
1853 1151 1898 1191 In

100 1226 174 1260 hoc
208 1222 275 1261 fitu
305 1220 421 1260 hodie
449 1222 616 1259 occurrit
653 1219 922 1270 Vincoviczium
955 1220 1142 1273 oppidum
1168 1250 1181 1271 ‚
1213 1222 1275 1259 cui
1309 1232 1388 1257 non
1422 1219 1555 1257 desunt
1587 1219 1741 1267 vestigia
1775 1215 1899 1254 muni-

99 1285 190 1335 cipii
214 1285 392 1324 Romani.
426 1284 549 1322 Habet
585 1285 648 1321 hic
677 1284 786 1322 locus
813 1286 927 1323 etiam
959 1285 1030 1323 alia
1062 1285 1236 1334 criteria,
1268 1296 1351 1332 quae
1389 1281 1557 1331 Zofimus
1582 1295 1653 1332 pro
1687 1281 1753 1317 situ
1787 1276 1896 1316 Ciba-

102 1345 188 1395 Ietfi
216 1346 437 1397 suppeditat.
468 1346 662 1386 Videlicet
694 1360 779 1397 pars
818 1347 956 1399 oppidi
984 1349 1023 1385 in
1055 1347 1157 1385 colle
1189 1345 1266 1392 est3
1301 1347 1475 1385 imminet
1507 1345 1638 1395 palus;
1675 1351 1825 1380 montes
1860 1340 1896 1375 in

102 1409 322 1459 propinquo
351 1410 441 1447 sunt.
469 1410 613 1459 Aperta
641 1407 923 1459 Mitrovicium,
958 1411 1019 1448 seu
1052 1408 1223 1448 Sirmium
1251 1410 1373 1449 versus
1403 1409 1611 1460 planicies,
1642 1418 1753 1454 quam
1787 1405 1899 1440 inter-

99 1471 226 1510 secant
255 1472 371 1511 fluvii.
408 1472 525 1510 Addo
557 1472 851 1522 Inscriptionem
883 1471 1115 1521 Vinkoviczii
1154 1471 1354 1511 effossam:
1397 1468 1734 1511 AEMILIANVS
1773 1464 1897 1504 DEC-

99 1533 234 1570 MVN.
264 1532 363 1570 CIB.
390 1534 504 1570 FEC.
534 1533 574 1570 id
604 1535 678 1571 est:
708 1533 867 1572 Decurio
899 1533 1100 1584 Municipii
1128 1533 1323 1583 Cibaletfis
1351 1532 1452 1573 Fecit
1477 1533 1545 1582 m)

271 1592 415 1641 Mursa
439 1596 494 1632 M.
520 1597 559 1633 P.
585 1594 714 1633 XXII.
742 1594 829 1632 inde
861 1596 1008 1633 scilicet
1037 1607 1056 1631 a
1082 1594 1246 1644 Cibalis,
1276 1596 1315 1631 id
1346 1596 1428 1643 est,
1462 1596 1608 1632 nostris
1637 1595 1756 1633 ferme
1785 1602 1818 1641 5.
1839 1591 1906 1631 mil

96 1654 247 1691 liaribus
281 1668 301 1690 a
326 1656 593 1692 Vinkoviczio.
627 1655 766 1704 f-'Wurstae
790 1658 945 1694 nomine
972 1657 1147 1694 omnibus
1173 1655 1248 1707 jam
1274 1657 1391 1695 hodie
1419 1655 1633 1705 Efzekinum
1657 1657 1898 1704 intelligitur,

98 1716 239 1753 munita
269 1718 309 1753 in
342 1717 461 1755 Dravi
491 1717 572 1770 ripa
602 1718 746 1754 civitas.
775 1718 955 1758 Abundat
983 1721 1241 1757 monumentis
1266 1720 1466 1758 Romanis.
1500 1718 1705 1756 Coloniam
1745 1730 1792 1754 eo
1830 1716 1895 1756 de-

98 1778 187 1816 duci
215 1777 311 1828 juffit
337 1776 461 1817 Aelius
484 1771 672 1818 Adrianus
694 1780 894 1829 Augustus.
928 1783 1014 1831 Qua
1043 1781 1090 1820 de
1127 1796 1164 1820 re
1192 1783 1371 1833 Stephani
1397 1781 1598 1835 Byzantini
1631 1780 1889 1819 testimonium

99 1842 317 1879 audoritate
351 1842 517 1880 Romani
549 1841 684 1891 lapidis
720 1843 909 1880 firmatum
944 1846 1107 1894 reperies
1138 1844 1238 1895 apud
1267 1842 1320 1883 CI.
1342 1842 1576 1883 Ludovicum
1601 1837 1898 1894 Mitterpaclzen,

99 1906 137 1942 in
167 1903 306 1942 Itinere
335 1917 406 1953 per
432 1904 664 1953 Poseganam
696 1905 905 1944 Sclavoniae
940 1908 1178 1956 provinciam
1202 1919 1300 1958 pag.
1326 1919 1383 1954 19.
1416 1907 1588 1945 Mercatu
1625 1902 1801 1954 Mursam
1831 1903 1900 1940 flo-

105 1965 212 2004 ,ruisse
244 1965 374 2017 prodit
404 1967 561 2015 sequens
595 1966 823 2018 Inscriptio,
854 1981 951 2006 anno
981 1976 1085 2017 1782.
1119 1970 1297 2008 Eszekini
1330 1980 1455 2008 eruta:

503 2090 549 2129 e.
579 2092 833 2132 AEMILrvs
861 2093 906 2131 c.
936 2094 976 2131 F.
1005 2094 1153 2133 SERG.
1182 2095 1500 2134 HOMVLINVS

568 2154 692 2192 DEC.
724 2155 841 2193 cot.
875 2157 1035 2194 MVRS.
1065 2157 1136 2194 OB
1166 2157 1445 2196 HONOREM

528 2215 876 2256 FLAMINA-svs
931 2219 1218 2259 TABERNAS
1271 2221 1311 2258 L.
1369 2220 1489 2258 CVM

491 2278 810 2318 PORTICIBVS
875 2281 1191 2331 DVPLICIBVS
1262 2283 1321 2321 IL.
1383 2282 1523 2332 QVIB.

595 2342 894 2380 MERCATVS
924 2343 1222 2383 AGERETVR
1249 2345 1407 2383 PEcv-

719 2453 723 2455 ‚
787 2405 881 2443 NIA
911 2405 1013 2444 SVA
1041 2407 1213 2446 FECIT.

148 2605 182 2643 l)
215 2606 312 2646 Apud
336 2607 561 2650 veffelingium
582 2611 612 2642 in
631 2610 711 2642 Not.
732 2612 770 2645 ad
792 2612 866 2644 Itin.
892 2614 973 2644 Ant.
995 2620 1027 2654 p.
1052 2620 1124 2655 232.

144 2659 179 2693 η)
203 2659 300 2701 Apud
326 2660 485 2702 Salagiutn
507 2661 561 2697 lib.
585 2665 639 2695 ΠΙ.
656 2664 696 2695 de
716 2663 786 2696 [latu
807 2664 898 2697 Eccl.
922 2666 989 2698 Pan
1048 2674 1178 2708 remp.
1213 2675 1280 2710 155.
