2065 2927
186 101 237 136 μ
790 81 1029 125 LIBRI
1107 81 1358 122 PRIMI

186 173 305 221 vulgo
335 180 596 208 numerantur..
615 167 720 212 Ergo
749 162 964 216 Sabariense
990 167 1178 205 Antonini
1206 169 1280 207 Iter
1309 167 1533 206 transeundo
1557 165 1789 216 Bafflaumn,
1811 170 1851 207 ὅ(
1873 167 1987 207 Mur-

184 233 312 285 [ellam
339 246 406 283 per
432 233 502 269 alia
529 229 704 267 circuivit
731 228 849 277 loca,
888 229 978 266 dum
1013 227 1249 268 Arrabonam
1285 231 1464 270 tenderet.
1503 231 1593 268 Haec
1633 240 1757 267 autem
1796 231 1984 281 opinione

188 308 273 334 mea
298 295 401 333 fuere
433 287 636 344 Csbpmgh,
667 291 706 330 &
735 292 883 340 Csorna.
909 291 1040 338 Itaque

364 356 558 404 Ihffiana,
586 367 667 402 quae
695 351 893 391 aSabaria
920 352 1054 390 millib.
1082 351 1170 402 pass.
1196 353 1364 404 XV111.,
1393 355 1454 393 seu
1483 354 1618 393 nostris
1647 355 1800 392 circiter
1828 362 1872 402 32}
1899 355 1985 392 mil-

188 418 342 458 liaribus
364 416 560 469 Jaurz'num
587 418 710 455 versus
745 415 927 465 recedit,
971 415 1066 453 mihi
1101 415 1154 452 est
1189 414 1417 455 hodiernum
1456 417 1642 468 oppidum
1673 413 1881 468 Clbpregh,
1922 418 1986 456 seu

189 478 421 532 Schapring7
463 478 569 527 quod
608 479 791 518 nonnulli.
821 489 978 529 propter
1006 488 1253 516 monumenta
1278 478 1475 528 Romana,
1514 493 1594 528 quae
1633 479 1687 516 ibi
1723 481 1801 516 erui
1834 480 1984 528 solent,

189 542 283 582 falso
311 542 567 581 existimarunt
595 540 879 580 Scarabantiam
907 540 1025 579 fuisse.
1060 543 1152 579 Non
1190 540 1242 578 est
1279 542 1359 578 haec
1388 541 1558 591 Baffiana
1593 541 1862 580 confundenda
1899 555 1989 580 cum

191 606 305 644 altera
333 605 460 656 paullo
489 605 725 653 celebriore,
756 616 868 651 quam
900 600 1106 641 Ptolemaeus
1133 604 1171 639 in
1199 604 1392 641 Pannonia
1421 604 1626 653 inferiore,
1666 606 1706 644 &
1747 606 1988 644 Itinerarium

190 669 381 709 Antonini
408 669 447 705 in
475 669 550 706 alio
578 669 738 715 itinere,
766 677 903 714 nempe
924 678 1023 717 pag,
1056 677 1138 714 ¹3¹=
1168 666 1264 703 inter
1292 664 1480 714 hinniunt,
1508 678 1553 704 ac
1586 665 1797 706 Taurunum
1824 667 1982 718 positam

189 742 481 769 commemorat.

363 791 590 845 Mursellam
618 791 757 831 Millib.
786 788 873 841 paff.
901 787 1116 837 XXXIlL,
1146 789 1186 826 id
1214 790 1265 827 est
1284 818 1296 839 9
1326 790 1462 828 nostris
1490 790 1568 829 fere
1596 790 1737 840 septem
1766 791 1986 829 milliaribus

191 869 212 895 a
241 857 412 906 Baffiana
429 886 440 907 ‚
469 858 542 895 sive
572 857 780 906 Cseprego,
808 853 854 890 ab
881 849 1085 890 Arrabona
1113 864 1262 901 autem,
1291 853 1351 891 seu
1373 852 1533 903 Jaurino
1560 854 1616 892 M.
1636 854 1677 891 P.
1696 854 1784 891 XX.
1813 856 1892 901 quae
1920 866 2012 891 nes·

191 920 262 958 stra
290 933 450 969 quatuor
479 930 649 968 aequanr,
678 919 800 955 immo
829 918 1063 964 aliquantum
1091 914 1287 964 superant⁷
1317 915 1502 965 diffitam,
1541 914 1689 966 oppido
1722 916 1861 965 Csbrnae
1888 913 1992 965 adju-

191 983 294 1021 dico.
332 983 418 1021 Fuit
458 984 550 1020 olim
588 982 658 1018 alia
687 992 840 1028 quoque
869 975 1058 1028 [Wursiella
1080 1005 1093 1026 ,
1138 990 1252 1025 quam
1278 976 1487 1017 Ptolemaeus
1526 979 1565 1015 in
1593 979 1788 1016 Pannonia
1814 977 1996 1015 inferiore

191 1047 323 1096 locat,
354 1058 543 1095 quamque
571 1043 808 1083 Itinerarium
837 1041 1228 1094 Hierosolymitanum
1256 1039 1500 1091 Merstlkzm,
1529 1041 1673 1080 Tabula
1700 1054 1792 1080 vero
1807 1039 1992 1080 Theodo—

192 1109 287 1147 fiana
315 1108 495 1158 Murfam
522 1107 692 1146 minorem
720 1105 894 1155 adpellat.

366 1171 604 1211 Postremum
634 1171 704 1207 iter
732 1166 945 1218 Sabariense
971 1167 1010 1202 in
1038 1164 1189 1203 laudato
1217 1165 1415 1204 Itinerario
1435 1178 1537 1218 pag.
1562 1167 1646 1215 263.
1680 1168 1731 1204 ita
1767 1167 1995 1216 exponitur:

649 1307 677 1333 A
705 1305 886 1332 SABARIA
914 1304 1071 1332 ACINCO
1100 1301 1142 1328 M.
1172 1301 1204 1327 P.
1232 1301 1403 1328 CLXVIII.
1446 1301 1533 1328 sle:

734 1416 956 1465 Mestrianis
1010 1447 1018 1455 .
1073 1446 1080 1454 .
1133 1418 1179 1457 M
1218 1419 1246 1456 P
1289 1428 1363 1452 xxx

737 1478 999 1532 Mogentianz's
1128 1482 1183 1518 M.
1212 1481 1251 1518 P.
1279 1491 1371 1514 xxv.

742 1542 946 1591 Caesariana
1009 1570 1016 1577 .
1073 1570 1080 1577 .
1135 1542 1190 1579 M.
1219 1542 1260 1579 P.
1288 1551 1377 1575 xxx.

737 1603 919 1651 Osonibus
949 1633 955 1640 .
1011 1632 1019 1639 .
1135 1603 1179 1640 M
1218 1604 1245 1640 P
1283 1610 1432 1636 xxvnt.

740 1664 957 1702 Floriana.
1013 1691 1020 1698 .
1076 1690 1085 1698 .
1137 1663 1181 1700 M
1219 1663 1248 1699 P
1290 1671 1385 1696 xxVI

739 1724 878 1764 Acinco
1128 1724 1172 1762 M
1211 1725 1239 1761 P
1281 1734 1356 1759 xxx

374 1855 576 1893 Terminus
615 1849 724 1902 hujus
752 1851 898 1889 itineris
926 1847 1102 1887 Acincum
1143 1845 1333 1885 hodierno
1364 1843 1522 1882 nomine
1551 1840 1603 1878 est
1629 1850 1734 1878 vetus
1763 1836 1882 1876 Euda.
1925 1838 2001 1887 Qui

200 1917 285 1956 fisus
315 1917 355 1955 in
383 1917 674 1956 Commentario
703 1915 808 1964 supra
837 1924 1050 1950 memorato
1080 1922 1137 1949 tot
1163 1909 1392 1959 argumentis
1421 1904 1693 1955 comprobatus
1723 1902 1796 1949 est,
1827 1913 1865 1938 ut
1893 1901 1996 1937 nullo

201 1993 306 2019 novo
335 1992 455 2030 egeat.
492 1978 555 2017 M.
584 1977 622 2015 P.
654 1974 913 2024 CLXVIII,
950 1988 1031 2023 quae
1067 1975 1130 2011 hic
1159 1987 1179 2010 a
1206 1970 1370 2010 Sabaria
1406 1970 1521 2017 usque
1548 1964 1700 2004 Acinum
1735 1974 1998 2011 numerantur,

204 2045 326 2083 valent
352 2044 477 2082 nostra
505 2042 616 2079 facile
649 2051 706 2089 35.
736 2038 910 2077 mimaria
931 2067 944 2087 ‚
985 2039 1106 2074 immo
1144 2035 1322 2074 nonnihil
1357 2034 1529 2083 superant
1552 2058 1564 2078 ‚
1604 2029 1657 2066 uti
1693 2028 1791 2064 reae
1828 2026 2001 2064 observat

200 2107 363 2149 Ioannes
383 2105 584 2144 Severinus.
609 2104 660 2142 At
681 2104 763 2151 quis
785 2115 861 2140 tam
885 2102 1042 2152 procul,
1062 2101 1187 2148 inquit
1207 2099 1271 2135 ille
1286 2127 1298 2147 ‚
1323 2094 1522 2134 Sabariam
1544 2089 1651 2129 Euda
1669 2088 1788 2128 abesse
1812 2089 1914 2126 dicet
1929 2086 1969 2135 n)
1987 2093 1997 2124 ?

205 2170 334 2207 Nemo
352 2198 366 2218 ‚
402 2168 547 2215 fateor,
587 2167 803 2215 quicunque
831 2177 997 2202 mutuam
1027 2166 1158 2200 harum
1186 2161 1380 2198 civitatum
1410 2155 1619 2193 distantiam
1649 2165 1711 2190 aut
1744 2152 1847 2188 reflo
1876 2150 1998 2197 calle,

206 2242 267 2268 aut
305 2243 370 2280 per
397 2232 496 2267 viani
533 2229 711 2267 hodierni
739 2228 866 2265 cursus
896 2227 1039 2277 publiei
1076 2224 1265 2262 dimensus
1294 2221 1415 2259 fuerit.
1458 2219 1537 2256 Hac
1565 2217 1666 2253 enim
1696 2215 1776 2260 via,
1815 2212 1879 2250 etsi
1919 2224 1997 2248 non

209 2294 369 2330 omnino
396 2292 617 2341 reetiffima,
646 2291 795 2330 nonnifi
823 2303 882 2337 29.
913 2289 1108 2336 milliaria,
1149 2287 1321 2333 adeoque
1350 2293 1493 2320 tantum
1521 2280 1577 2318 Μ.
1605 2280 1644 2316 P.
1674 2273 1896 2314 CXXXIII.
1928 2275 2000 2310 cir-

209 2356 318 2403 citer,
332 2355 593 2392 conficiuntur.
622 2356 681 2392 En
710 2354 888 2391 stationes
917 2351 1239 2397 veredariorum,
1268 2345 1445 2396 adpositis
1474 2340 1718 2380 milliaribus!
1746 2333 1935 2374 Kb'rmend
1963 2346 1997 2384 3.

215 2415 363 2455 Vasva‘r
391 2430 423 2453 ι.
459 2414 638 2465 szalahe‘r
667 2430 700 2454 ς.
735 2414 949 2467 Simeginum
978 2429 1011 2452 2.
1048 2411 1237 2464 Tapolzza
1256 2409 1333 2459 -fb'
1361 2420 1397 2456 3.
1434 2402 1748 2456 Nagy-Vasony
1777 2410 1808 2446 3·
1850 2396 1997 2449 Vespri-

914 2515 1987 2542 Μ

257 2612 289 2651 ιι)
313 2611 439 2643 Diffcrt.
463 2609 503 2643 de
525 2608 623 2641 modo
643 2609 831 2641 inveniendi
856 2607 930 2641 filus
948 2615 1092 2641 veterum
1115 2605 1289 2640 Pannoniae
1314 2603 1516 2647 Oppidoruin
1540 2609 1570 2642 p.
1594 2602 1644 2637 28.

1840 2657 1948 2685 mlum
