2065 2927
614 107 890 148 CAPUT
969 104 1320 144 PRIMUM.
1849 114 1872 152 3

73 202 167 240 nihil
194 200 238 239 ad
269 199 518 238 eruditionem
543 196 705 247 faciant,
735 192 958 234 curiositatis
983 191 1099 240 gratia
1122 191 1158 226 in
1183 188 1352 228 medium
1380 187 1550 240 proferre
1569 185 1673 225 libet.
1702 183 1871 236 Quidam

72 269 149 305 hoc
180 278 318 303 nomen
338 259 599 311 Szombathely
622 263 907 310 interpretantur
938 254 1078 310 Quietis
1100 253 1241 292 locum:
1267 266 1352 290 narn
1372 253 1436 291 etsi
1458 245 1659 298 Szombath
1682 249 1870 298 Hungaris

72 340 179 365 notet
204 325 404 364 Sabbatum
424 352 437 372 ,
474 325 594 374 ipsum
625 335 749 361 tamen
776 319 977 359 Sabbatum
1002 316 1163 352 notione
1194 314 1348 352 Hebraea
1377 313 1431 350 est
1468 311 1591 364 Quies.
1644 310 1870 348 Existimant

71 401 192 426 autem
222 387 270 423 fic
295 386 485 423 Sabariam
510 386 689 436 adpellari
716 396 879 434 coeptam
906 380 980 432 jam
1006 393 1025 415 a
1050 378 1261 426 Chagano,
1285 376 1419 426 populi
1440 372 1772 411 Hunno-Avarici
1794 373 1869 411 Re-

70 450 189 499 gulo,
216 448 281 495 qui
314 450 351 484 in
384 449 490 485 sacro
521 449 627 487 sonte
650 449 768 485 dietus
805 442 1016 484 Theodorus
1044 443 1141 477 hanc
1176 439 1243 476 fibi
1273 439 1465 475 civitatem
1498 448 1518 472 a
1544 435 1687 472 vffiore
1718 433 1865 472 Carolo

68 512 214 558 Magno
242 509 490 559 expetiverit,
518 522 562 545 ac
587 510 814 555 obtinuerit,
849 518 888 544 ut
915 506 1081 553 reliquos
1107 504 1190 541 vitae
1219 496 1289 541 suae
1313 501 1395 540 dies
1424 500 1611 537 bellorum
1639 510 1796 547 expers,
1825 497 1866 536 δι

67 571 207 621 quietus
236 571 272 606 in
295 571 358 606 illa
381 572 612 619 transigerer.
641 572 734 608 Sunt
763 570 824 606 alii
859 581 904 606 ex
929 568 1108 616 adverso,
1136 566 1271 615 quibus
1305 563 1467 602 Sabaria
1493 561 1640 600 nonnifi
1672 562 1723 599 ob
1750 573 1865 609 quan-

68 633 154 670 dam
182 646 323 670 vocum
348 632 506 670 Sabbati
526 633 566 670 ὅ(
581 632 739 669 Sabaria:
757 631 986 669 adfinitatem
1006 624 1270 677 Szombatlzely
1291 626 1389 663 dieta
1412 624 1484 663 effe
1499 625 1669 672 videtur,
1692 623 1755 661 sed
1776 636 1864 661 cum

65 696 104 731 in
129 696 318 744 Hungaria
335 707 412 731 non
436 705 575 730 tantum
597 692 780 741 Sabaria,
808 705 936 730 verum
960 693 999 730 ὅ(
1017 692 1087 728 alia
1107 689 1291 741 permulta
1315 690 1404 727 loca
1427 687 1487 726 vel
1512 699 1532 723 a
1549 681 1754 735 Szomhath
1773 685 1864 724 Sab-

65 757 174 804 bato,
202 758 254 794 uti
288 753 572 805 Szombatlzely,
601 755 847 805 Szomharfa,
885 753 1026 791 Murai
1059 748 1290 801 Szembath,
1317 742 1704 802 Nagymfzombatlz,
1727 744 1864 785 Rima·

64 815 265 867 swnzhatlz
288 818 362 855 &o
388 818 447 855 vel
476 817 521 853 ab
545 818 620 853 alio
646 816 826 864 quopiam
852 814 1101 853 hebdomadae
1132 816 1217 864 die,
1245 827 1316 853 ceu
1346 826 1367 850 a
1395 812 1457 850 die
1484 810 1669 850 Mercurii
1696 807 1862 858 Szerda‚

62 878 312 930 Szerdalzsly3
343 892 363 915 a
394 879 454 915 die
470 878 574 919 Jovis
606 874 809 914 Csatarzak
834 875 909 914 &c.
937 875 1254 926 denominentur,
1281 875 1431 912 idcirco
1461 874 1597 911 reffius
1621 871 1770 911 fortasse
1797 871 1862 909 alii

66 946 150 981 talia
178 945 356 981 loeorum
381 940 536 977 nomina
560 948 734 988 repetunt
750 950 770 973 a
790 937 947 986 diebus,
969 941 1033 988 qui
1058 940 1111 977 ibi
1134 940 1193 978 vel
1213 952 1232 976 a
1252 937 1428 976 nundinis
1448 935 1754 975 hebdomadariis
1767 963 1781 985 ,
1801 935 1861 976 vel

64 1008 109 1045 ab
132 1008 203 1043 alia
226 1006 398 1054 quapiam
422 1003 645 1040 solennitate
669 999 837 1038 celebres
858 999 973 1040 fuere.

233 1067 272 1105 Si
299 1077 423 1103 tamen
447 1063 633 1112 Sabaria,
657 1074 698 1100 ut
720 1062 945 1112 quibusdam
972 1065 1116 1114 placet,
1135 1078 1155 1102 a
1180 1065 1390 1104 Sabbatinis
1415 1064 1621 1115 nundinis,
1646 1066 1741 1103 olim
1759 1064 1858 1103 forte

62 1130 125 1167 hic
150 1129 227 1165 loci
251 1126 485 1176 celebribus,
514 1137 655 1164 nomen
675 1122 936 1173 Sq-omhathely
958 1127 1086 1164 sortita
1104 1126 1196 1175 fuit,
1222 1127 1261 1163 id
1284 1128 1397 1164 serius
1424 1127 1624 1175 duntaxat,
1651 1126 1716 1165 sub
1746 1127 1859 1165 Chri-

62 1192 186 1230 stianis
214 1204 350 1240 nempe
375 1190 642 1238 Hungarorum
676 1186 915 1237 Principibus
938 1187 1149 1238 acciderit,
1177 1201 1343 1240 oportet.
1382 1190 1537 1228 Fallitur
1562 1202 1725 1237 namque
1749 1189 1879 1229 Salo-s

61 1265 153 1291 mon
177 1251 364 1302 Kuselius,
402 1263 488 1289 cum
514 1250 651 1289 adserit
681 1263 826 1289 veteres
858 1252 1058 1300 Hungaros
1091 1253 1316 1301 plerumque
1349 1252 1481 1290 diebus
1510 1252 1663 1290 Sabbati
1695 1253 1857 1291 mercari

60 1314 314 1362 consuevisse,
344 1325 606 1360 mercatusque
636 1311 955 1350 hebdomadarios
983 1313 1130 1350 nonnifi
1159 1314 1368 1364 posteriore
1398 1316 1580 1365 quopiam
1614 1327 1789 1366 ternpore
1816 1316 1854 1352 in

59 1380 160 1418 diem
189 1380 315 1427 Solis,
344 1379 405 1417 seu
441 1377 726 1425 Dominicum,
753 1388 799 1414 ne
830 1376 977 1415 scilicet
1002 1390 1136 1428 operas
1163 1379 1326 1428 agrestes
1352 1384 1657 1428 remorarentur,
1697 1389 1854 1417 transtu—

59 1441 135 1478 liffe
156 1439 214 1490 d).
248 1441 362 1478 Certe
393 1440 612 1490 oppofitum
643 1440 783 1478 eruitur
815 1451 888 1477 tam
921 1451 965 1477 ex
995 1442 1078 1492 ipso
1111 1436 1185 1481 diei
1222 1444 1424 1482 Dominici
1456 1445 1613 1482 nomine
1640 1444 1852 1493 hungarico

62 1503 284 1553 Va'sa‘rnap,
312 1503 415 1549 quod
440 1502 688 1539 nundinarum
711 1502 814 1540 diem
835 1501 1042 1551 fignificat,
1071 1516 1183 1551 quam
1208 1516 1254 1542 ex
1276 1505 1465 1555 Legibus,
1490 1519 1570 1555 quae
1595 1507 1633 1543 in
1652 1505 1852 1553 Comitiis,

59 1565 123 1602 sub
147 1565 236 1601 divo
259 1566 364 1611 Rege
390 1563 564 1599 Ladislao
597 1563 817 1609 celebratis,
846 1575 978 1599 contra
1004 1567 1214 1612 perversum
1245 1566 1376 1602 diebus
1408 1569 1630 1604 Dominicis
1657 1566 1853 1606 mercandi

59 1639 228 1671 morem,
258 1625 405 1661 sancita:
431 1623 580 1660 fuerunt
600 1624 649 1671 e).
677 1626 766 1661 Mos
792 1627 856 1660 hic
878 1623 1128 1660 verisimiliter
1154 1639 1173 1661 e
1195 1625 1388 1663 Persarum
1414 1629 1655 1664 commercio
1679 1627 1725 1663 ad
1747 1629 1850 1664 Hun-

57 1699 127 1724 nos
153 1687 361 1736 Ephtalitas
383 1685 609 1732 manaverit,
638 1683 683 1720 ab
709 1685 766 1720 his
795 1697 886 1722 vero
908 1683 954 1720 ad
977 1683 1178 1731 Hungaros
1199 1686 1425 1723 transmissus
1446 1686 1570 1725 fuerit.
1599 1690 1697 1725 Nam
1726 1687 1851 1727 Va'sdr

56 1749 172 1787 Persis
199 1747 389 1794 hodieque
411 1744 609 1783 Nundinas
628 1747 835 1796 fignificat,
863 1760 904 1785 ut
924 1747 1097 1797 perhibet
1121 1746 1296 1787 Olearius
1311 1749 1380 1799 f).
1410 1751 1545 1788 Turcae
1569 1764 1693 1789 autem
1716 1764 1849 1799 quem-

54 1810 261 1848 admodum
294 1809 475 1846 nundinas
508 1808 651 1855 Basa'r,
681 1809 731 1846 fic
754 1809 855 1848 diem
887 1808 1160 1858 hebdomadae,
1189 1812 1254 1858 qui
1285 1812 1414 1850 nostro
1447 1813 1523 1851 diei
1548 1816 1765 1854 Dominico
1792 1829 1847 1853 re-

56 1872 240 1922 spondet,
275 1872 393 1920 Bafar
419 1870 515 1919 iuni,
548 1872 624 1908 hoc
654 1871 707 1910 est
728 1870 987 1910 Nundinarum
1008 1869 1101 1909 diem
1125 1875 1262 1923 (notat
1283 1877 1424 1926 quippe
1448 1874 1509 1913 iun
1532 1877 1659 1927 lingua
1682 1878 1844 1916 Turcica

54 1931 177 1981 diem)
199 1933 402 1970 etiamnum
425 1931 633 1980 adpellant,
659 1929 913 1980 Leunclavio,
937 1933 977 1971 &
1000 1932 1215 1976 Meninskio
1242 1938 1500 1976 attestantibus
1522 1938 1584 1991 g).

224 1994 350 2033 Immo
378 1995 415 2030 in
444 1995 637 2032 Pannonia
665 1995 815 2044 reperio
846 2007 993 2034 morem
1021 1997 1083 2034 die
1110 1999 1239 2048 Solis,
1276 2000 1337 2037 seu
1379 2000 1597 2038 Dominico
1625 1999 1843 2037 celebrandi

56 2057 235 2094 nundinas
264 2057 603 2106 hebdomadarias,
630 2059 711 2109 ipso
740 2072 818 2097 non
846 2061 1112 2109 Hungarorum
1139 2060 1285 2109 modo,
1314 2074 1445 2099 verum
1474 2062 1587 2099 etiam
1616 2061 1841 2097 Hunnorum

72 2208 131 2264 ιά)
155 2210 354 2243 HicAuCtor
375 2212 450 2244 mihi
479 2213 609 2254 ignotus
631 2214 809 2246 nominatur
833 2215 864 2245 in
886 2212 999 2245 libello
1014 2238 1023 2252 ‚
1046 2212 1098 2245 cui
1118 2213 1226 2245 titulus
1248 2213 1313 2245 fine
1339 2211 1491 2246 Austoris
1514 2213 1663 2244 nomine:
1696 2193 1842 2256 Dtffertti-

52 2266 161 2298 nones,
178 2264 271 2293 astera
292 2263 324 2293 de
345 2262 470 2295 Coloni&
488 2264 672 2297 Romanorum
695 2265 722 2296 sn
741 2276 857 2309 genere,
881 2266 972 2298 altera
994 2267 1027 2298 de
1040 2267 1168 2300 Colonsis
1190 2266 1273 2300 Rom.
1295 2267 1323 2299 in
1337 2265 1498 2301 Pannonia.
1522 2265 1611 2310 Tyrn.
1626 2272 1712 2310 1753.
1729 2267 1757 2299 in
1768 2272 1838 2305 8120.

93 2312 122 2349 c)
148 2312 220 2343 Lib.
249 2321 273 2345 1.
292 2315 422 2346 Decret.
444 2319 473 2348 S.
494 2318 633 2349 Ladislai
657 2320 732 2359 Cap.
762 2324 807 2359 15.
827 2318 858 2349 &
883 2317 931 2350 16.

82 2364 131 2405 f)
160 2364 370 2397 Petfiann'che
391 2368 710 2412 Reilebeschreibung
728 2381 760 2412 p.
785 2379 858 2413 311.

91 2428 127 2456 ξι
150 2416 345 2449 &conlapsus
370 2421 522 2454 Pande&.
545 2424 643 2456 Ture.
669 2428 747 2467 Cap.
774 2434 823 2457 11.
848 2434 882 2466 p.
906 2433 977 2458 212.
1009 2447 1030 2462 ‚‚
1053 2423 1150 2466 Bzxst'zr
1170 2424 1247 2462 iuni,
1280 2425 1403 2466 inquit,
1435 2423 1500 2458 hoc
1525 2425 1566 2458 est
1587 2426 1656 2458 dies
1680 2433 1835 2460 mercatus

52 2489 73 2503 n
93 2467 351 2508 hebdomadam,
376 2474 425 2512 (μ’
450 2476 623 2514 respondet
645 2477 708 2509 diei
732 2478 904 2510 Dominico
927 2476 1047 2509 nostro.
1071 2475 1299 2519 Bafierztefi‚
1323 2477 1388 2509 hoc
1409 2477 1452 2509 est
1475 2478 1545 2509 dies
1567 2477 1638 2518 post
1660 2485 1835 2511 mercatum

50 2543 74 2556 ‚‚
95 2520 371 2579 hebd-animarum
396 2529 579 2566 trottixtuis,
605 2529 668 2561 sive
691 2532 841 2572 postridie
862 2538 1035 2569 mercawS‚
1060 2531 1111 2571 qui
1136 2531 1204 2561 dies
1228 2531 1406 2571 germanice
1430 2531 1495 2563 diei
1517 2531 1689 2563 Commode
1712 2531 1830 2573 Potest,

51 2595 72 2640 ,ὲ
93 2576 283 2612 Αίέ>·ν))ωγλ·,
318 2580 492 2619 resptudet
517 2581 580 2612 diei
607 2586 701 2614 Luuae
724 2583 845 2617 nostrae.
860 2607 880 2623 ‚.
912 2584 1002 2616 Idem
1024 2583 1092 2616 fere
1114 2584 1297 2626 Meuinsky
1321 2582 1362 2616 T.
1386 2586 1414 2616 Ι.
1439 2585 1553 2616 Lexici
1577 2585 1831 2617 Arabico-Per-

58 2634 118 2657 ,τεο
132 2644 141 2649 -
155 2628 283 2661 Turcici
302 2632 338 2663 P.
358 2634 399 2664 ΙΙ.
421 2635 508 2666 Voc.
533 2635 648 2670 Bucar.

1400 2693 1484 2731 Aa
