2065 2927
632 128 913 170 CAPUT
994 126 1356 167 SEX-rum.
1861 132 1906 177 51
1990 140 1992 142 ·

405 219 442 256 S.
471 219 520 256 D.
551 218 588 256 S.
895 211 974 253 Soli
998 213 1082 253 Deo
1110 212 1267 253 Sacrum

280 284 319 321 P.
376 282 413 319 S.
466 281 517 330 Q.
571 280 617 317 R.
670 279 717 316 H.
895 274 1041 316 Publius
1068 274 1219 316 Sextius
1247 273 1373 332 Quinti
1396 272 1560 315 Romani
1583 273 1705 316 Heres

384 344 412 381 F
417 340 634 381 ELICISSI

332 406 464 444 MVS
526 405 603 442 PR
620 403 658 442 O

355 469 417 506 SE
435 468 506 506 ET
522 466 634 505 SVIS

248 534 251 541 “
278 532 326 568 V.
380 531 417 568 S.
471 531 512 568 L.
565 530 607 567 L.
662 528 716 566 Μ.
890 524 1028 566 Votum
1042 522 1158 578 fhlvit
1184 523 1296 567 libens
1320 524 1436 566 libero
1466 539 1621 566 munere.

280 652 431 692 Eodem
465 651 586 691 modo
615 652 740 690 literas
771 649 955 689 solitarias
997 647 1107 700 hujus
1141 649 1404 702 Inscriptionis
1440 652 1703 701 interpretatur
1738 647 1907 704 Scaliger

105 713 240 754 Indice
272 716 456 754 vicefimo
500 714 547 752 ad
577 714 729 754 Gruteri
764 725 905 763 corpus
938 712 1233 763 Inscriptionum
1255 742 1288 763 ,v
1310 714 1378 751 nifi
1413 713 1517 763 quod
1548 716 1595 752 V.
1631 714 1669 752 S.
1701 714 1743 752 L.
1774 714 1815 752 L.
1846 714 1903 753 Μ.

98 776 237 826 legere
268 778 416 816 mallit:
457 775 597 817 Votum
621 774 736 827 sblvit
760 772 873 813 libens
896 803 909 823 ,
943 773 1055 813 libens
1095 774 1226 813 merito
1247 804 1260 824 ‚
1298 775 1339 813 id
1368 776 1421 815 est
1441 805 1454 825 ‚
1487 774 1714 826 libentiffime.
1749 777 1905 827 Legitur

107 839 242 878 eadem
269 840 473 890 Inscriptio
502 841 615 877 etiam
645 837 743 888 apud
768 837 923 875 Lazium
952 834 1041 876 Lib.
1067 850 1121 875 ιι.
1144 835 1191 875 de
1213 836 1370 890 Republ.
1394 838 1504 878 Rom.
1520 838 1610 889 ,[εᾶ,
1635 851 1668 887 3.
1685 849 1771 891 cap.
1797 852 1831 879 2.
1863 838 1904 879 ὅ(

107 902 208 952 apud
243 903 448 942 Gruterum
477 914 522 940 ex
556 901 671 941 Clufii
705 899 866 939 schedis
890 911 985 952 pag.
1011 911 1152 938 xxx111.
1178 913 1213 939 ι.

310 1023 399 1064 Tab.
425 1023 498 1065 IX.
528 1024 578 1064 N.
607 1039 637 1064 1.
677 1027 788 1075 Lapis
827 1026 863 1062 in
896 1023 1101 1063 sabarienfi
1130 1026 1219 1064 vico
1252 1022 1404 1065 Pere'ntk
1433 1025 1608 1075 effossus,
1635 1026 1675 1065 ὅ(
1699 1027 1737 1064 in
1762 1025 1902 1066 aedibus

112 1086 300 1124 Francisci
334 1086 612 1129 Martinkovics
641 1101 752 1126 muro
785 1088 968 1137 insertus,
996 1089 1068 1125 hac
1097 1087 1350 1139 Inscriptione
1378 1091 1607 1140 conspicuus
1638 1088 1712 1128 est:

644 1210 985 1252 MVNICIPIVM
1036 1213 1281 1253 FLAVIVM

732 1273 861 1314 AVG.
887 1274 1191 1315 SCARBANT.
1365 1275 1570 1331 Augustum
1597 1274 1831 1317 semmai»

283 1397 346 1435 De
377 1399 453 1436 hoc
483 1408 764 1448 monumento,
795 1399 972 1438 haetenus
1001 1398 1173 1449 inedito,
1203 1397 1279 1452 jam
1310 1401 1403 1453 Cap.
1424 1400 1493 1440 III
1524 1401 1634 1454 hujus
1662 1402 1773 1452 libri,
1806 1417 1904 1452 quae-

104 1458 192 1496 darn
228 1459 502 1499 adnotavimus.
533 1462 651 1500 Anno
684 1469 790 1510 1780.
820 1475 907 1499 cum
940 1461 1090 1500 Sabaria
1123 1464 1357 1512 Sopronium
1393 1466 1680 1515 proficisterer,
1714 1468 1841 1503 inveni
1862 1468 1902 1505 in

110 1533 210 1572 pago
245 1520 431 1571 Horkau,
465 1523 529 1570 qui
562 1524 757 1573 Sopronio
790 1524 985 1573 proximus
1015 1524 1093 1573 est,
1129 1526 1323 1573 ingentem
1359 1527 1647 1577 Sarcophagum
1685 1528 1902 1580 lapideum,

107 1584 144 1619 in
177 1596 254 1631 quo
291 1586 429 1634 pariter
460 1583 662 1637 Municipii
688 1583 913 1625 Scarbantia
943 1586 1110 1624 occurrit
1136 1587 1292 1626 mentio.
1329 1589 1389 1627 En
1422 1588 1739 1641 Inscriptionem‚
1774 1593 1828 1631 uti
1860 1605 1904 1632 ea

106 1645 227 1683 modo
270 1646 453 1696 superest:

618 1769 660 1808 L.
702 1770 744 1809 F.
782 1771 813 1810 F
817 1771 1153 1814 ORTVNATVS
1180 1796 1195 1804 -
1223 1797 1238 1804 -
1265 1797 1276 1804 -
1315 1776 1385 1816 VI.

676 1833 1331 1877 AVG-—--M.SCARB·-

546 1893 1461 1940 NAI--IX—·V.ETSAN-·-

448 1955 521 1993 ET
557 1957 688 1996 M-·
723 1959 757 1997 Ε
794 1980 854 1988 --
890 1961 930 1999 L.
969 1961 1094 2000 MON
1131 1982 1190 1991 ·-
1227 1963 1553 2004 ANN.XXXV.

273 2074 318 2115 Id
341 2077 419 2117 est:
450 2076 565 2118 Lucii
594 2077 711 2120 Filius
732 2080 964 2124 Fortunatus
982 2082 1084 2124 Sevir
1104 2082 1319 2138 Auqustabs
1344 2087 1547 2142 Municipii
1572 2090 1804 2134 Scarbantia.
1825 2097 1899 2137 Re=

105 2138 206 2185 liqua
237 2140 384 2177 nonnifi
410 2139 618 2181 divinando
651 2144 815 2195 suppleri
847 2145 1008 2197 possunt.
1042 2148 1199 2198 Legitur
1223 2151 1356 2190 eadem
1384 2152 1585 2204 Inscriptio
1618 2156 1717 2206 apud
1741 2157 1898 2200 Lazium

104 2197 191 2238 Lib.
224 2211 282 2237 ιι.
308 2199 355 2240 de
378 2202 536 2254 Republ.
562 2204 673 2243 Rom.
699 2205 790 2246 Sea.
813 2219 844 2255 3,
877 2209 971 2260 Cap.
988 2218 1022 2259 7.
1057 2211 1133 2249 Sed
1161 2213 1341 2253 mendose
1371 2215 1568 2266 descripta.
1603 2217 1672 2258 Ait
1694 2222 1822 2261 enim:
1859 2221 1902 2263 In

103 2258 269 2300 columnae
287 2263 511 2315 fragmento
540 2277 628 2306 ante
651 2266 845 2321 ingrqffltm
873 2269 961 2310 villae
988 2270 1129 2313 Harka
1145 2275 1349 2328 proxime:

502 2390 568 2429 LE
596 2392 963 2435 FORTVNATVS
992 2397 1057 2436 VS
1083 2399 1140 2437 Μ.
1168 2401 1494 2445 SCARBINATI

365 2449 501 2491 VOVI
529 2454 562 2491 E
589 2454 770 2496 SANCT
796 2458 868 2498 ΕΤ
894 2458 1068 2500 LIVELI
1093 2461 1285 2504 SIMONI
1312 2466 1444 2508 ANN.
1464 2470 1630 2510 XXXV*
