2065 2927
675 48 1339 107 PRAEFATIO.

111 199 219 264 qui,
254 196 321 246 uti
357 195 404 244 in
438 191 733 242 dedicatione
770 189 954 256 praefati
989 189 1167 253 sumus,
1204 191 1358 258 prima
1392 190 1524 251 hujus
1563 192 1742 258 Operis·
1771 195 1905 244 causa

110 298 287 357 extitit‚
321 297 367 345 &
396 295 568 362 orig0,·
597 292 894 358 ejusdemque
931 290 1083 339 amori
1122 307 1234 357 erga
1265 292 1551 342 venerandas
1585 292 1776 343 eruditae
1804 293 1905 341 An-

110 398 335 465 tiquitatis
378 396 596 463 reliquias
641 391 941 445 tribuendum
979 389 1041 440 est
1070 433 1085 454 ,
1137 391 1268 457 quod
1309 394 1448 444 etiam
1487 394 1655 445 viliora
1691 393 1909 459 quaedam

113 499 370 568 priscorum
402 507 811 549 monumentorum
846 491 1109 559 fragmenta
1142 491 1309 541 donari
1340 493 1444 543 luce
1469 493 1659 561 publica
1686 494 1907 550 voluerit.

115 601 356 667 Alioquin
393 641 423 662 ,‚
462 597 594 665 quod
624 597 685 647 est
726 596 785 645 ad
818 593 1082 654 hujusmodi
1115 603 1523 646 monumentorum
1557 599 1755 663 pretium
1791 598 1819 662 ζ
1843 598 1910 646 in·

117 706 216 772 quit
244 699 510 753 Ludo-vicus
536 696 759 750 Antonius
786 694 1078 747 Muratorius
1112 695 1160 743 in
1190 698 1480 745 Praefatione
1523 698 1581 747 ad
1625 703 1835 750 Tomum
1873 702 1904 749 Ι.

115 806 255 857 Novi
286 805 513 855 Thesauri
549 813 758 852 veterum
789 800 1196 866 Inscriptionum)
1235 798 1605 851 animadvertere
1633 803 1788 863 juvat,
1813 819 1911 852 non

118 949 149 973 ,‚
188 908 315 958 aliud
352 908 456 956 heic
491 906 681 955 evenire
705 944 719 963 ‚
769 920 907 969 quam
947 900 1079 969 quod
1122 901 1169 949 in
1205 898 1403 967 publicis
1447 903 1658 953 nundinis
1702 904 1912 970 quotidie

118 1053 149 1078 ‚7
186 1013 440 1081 spectamus
464 1052 479 1072 ,
520 1010 565 1058 in
605 1006 767 1075 quibus
805 1005 1022 1054 nimirum
1059 1013 1362 1068 exponuntur
1403 1006 1597 1068 magni,
1635 1006 1916 1065 mediocris,

119 1154 150 1176 „
187 1117 232 1164 &
271 1114 406 1174 vilis,
439 1114 585 1161 immo
624 1112 670 1160 &
704 1106 903 1157 viliffimi
939 1106 1076 1173 pretii
1112 1119 1299 1152 merces.
1327 1132 1343 1140 -
1369 1135 1384 1142 -
1409 1133 1426 1142 -
1476 1107 1700 1155 Attamen
1745 1117 1917 1154 tantam

122 1256 152 1278 ᾗ,
190 1216 273 1267 fibi
304 1214 656 1266 venerationem
694 1212 771 1261 vel
813 1208 937 1277 apud
976 1205 1196 1257 cordatos
1239 1207 1371 1256 viros
1395 1246 1408 1266 ‚
1452 1225 1604 1273 neque
1653 1208 1917 1267 immerito,

123 1360 152 1383 „
182 1315 452 1366 conciliavit
486 1313 758 1376 Antiquitas
781 1351 796 1374 ‚
830 1321 876 1359 ut
909 1309 1159 1376 quodlibet
1193 1306 1328 1375 ipsius
1370 1310 1708 1373 fragmentum,
1751 1306 1783 1356 fi
1821 1325 1917 1356 non

124 1459 153 1482 ‚a
192 1417 346 1482 magni
384 1414 651 1464 faciendum
674 1453 688 1474 ‚
732 1423 856 1461 certe
905 1430 999 1462 non
1029 1411 1419 1461 contemnendum
1446 1412 1670 1460 videatur.
1698 1448 1726 1470 „
1775 1408 1921 1475 Quod

124 1518 156 1569 fi
201 1520 276 1568 cui
306 1518 405 1567 haec
439 1533 534 1565 non
572 1516 882 1574 satisfaciant,
924 1513 1189 1563 indemnem
1223 1513 1387 1571 illum‚'
1422 1512 1503 1576 qui
1538 1510 1631 1559 hoc
1674 1508 1755 1559 fibi
1791 1510 1924 1575 Opus

124 1620 494 1687 comparaverit,
531 1615 726 1665 reddent
760 1626 831 1662 tot
859 1614 950 1660 alia
984 1614 1170 1671 majoris
1203 1612 1367 1677 pretii,
1401 1612 1445 1658 &
1475 1609 1575 1657 usus
1599 1615 1921 1664 monumenta,

133 1720 480 1787 inscriptiones,
518 1715 742 1782 Effigies,
776 1715 1080 1781 Diplomata‚
1114 1715 1158 1763 ὃῑ
1191 1713 1283 1761 alia
1318 1710 1627 1765 documenta„
1662 1724 1763 1773 quae
1799 1706 1925 1758 isthic

129 1824 347 1890 reperiet,
383 1822 473 1872 His
506 1837 648 1888 ergo,
684 1818 860 1873 Lector
891 1813 1151 1876 benevole,
1191 1826 1346 1875 utere«,
1388 1814 1434 1863 ἂι
1471 1813 1590 1862 vale.
