2065 2927
157 89 229 134 164
746 78 981 119 LIBRI
1060 76 1383 128 QUINTI

144 188 245 214 anno
285 174 367 222 365.
412 168 618 216 mansitque
649 168 686 202 in
716 165 821 202 Italia
856 165 969 211 usque
1009 164 1055 201 ad
1097 164 1263 202 medium
1297 164 1451 201 circiter
1484 162 1676 202 Offilobris.
1717 164 1849 204 Postea
1890 168 1927 205 in

145 239 286 278 Gallias
320 233 534 286 profeelus,
570 229 634 267 sub
670 229 783 265 finem
826 227 1006 265 O&obris
1036 227 1195 265 Parifios
1228 228 1354 275 venit,
1394 226 1551 276 ipsoque
1581 227 1631 264 sui
1658 226 1836 264 adventus
1871 229 1932 266 die

143 302 325 340 nuncium
358 297 405 333 de
435 292 605 344 Procopii
629 292 667 327 in
702 291 858 328 Oriente
890 288 1086 343 tyrannide
1120 291 1293 339 accepit,
1321 301 1366 326 ac
1400 301 1501 328 metu
1542 290 1687 327 hostilis
1719 291 1756 327 in
1788 293 1935 330 Panno-

147 368 226 402 nias
257 358 473 411 irruptionis
511 354 712 392 confestim
742 350 840 402 Equi
859 351 932 389 ium
966 351 1165 389 Comitem
1199 351 1368 400 lllyrici,
1400 353 1546 390 austum
1578 353 1802 402 Magisterio
1832 365 1934 391 exer—

146 430 244 465 citus
275 421 504 477 Illyriciani,
538 417 702 464 remitit,
735 426 775 452 ut
805 427 960 452 omnem
997 414 1043 451 ad
1073 413 1285 452 Pannonias
1316 415 1457 452 aditum
1494 417 1675 469 Tyranno
1708 415 1935 454 interelude-

147 503 213 529 ret.
249 483 419 526 Maniisse
457 494 548 520 vero
585 475 880 518 Valentinianum
911 479 948 513 in
982 477 1107 515 Gallia
1139 476 1251 513 etiam
1288 477 1602 524 consequentibus
1631 478 1776 526 aliquot
1807 479 1938 526 annis,

147 563 291 590 certum
327 547 379 584 est
411 558 456 584 ex
487 544 568 598 aliis
599 538 767 591 ejusdem
799 539 907 576 rebus
937 540 1062 588 gestis.
1101 540 1256 588 Quippe
1291 537 1382 574 dum
1421 550 1532 588 caput
1565 538 1737 591 Procopii
1771 541 1936 594 Tyranni

145 626 245 652 anno
272 612 356 661 566.
387 623 407 646 a
436 605 588 646 Valente
616 603 662 641 ad
690 605 726 640 se
756 601 902 639 miffum
929 613 1153 652 acceperat,
1177 600 1323 639 Parisiis
1352 600 1557 638 etiamnum
1585 601 1820 640 confistebat.
1845 602 1938 641 Inde

146 681 293 718 Remos
315 671 521 724 digressus,
546 669 786 706 Alemannos
815 676 915 702 anno
934 667 1018 714 367.
1052 678 1119 715 per
1140 665 1320 707 Jovinum
1344 663 1508 700 militum
1530 664 1749 712 Magistrum
1779 664 1938 702 domuit.

148 742 302 783 Eodem
333 749 431 775 anno
464 748 484 771 a
516 731 654 770 morbo
692 740 908 777 recreatuS,
934 727 1158 765 Gratianum
1184 727 1331 775 filium,
1358 726 1419 763 xix
1445 726 1628 775 puerilem
1653 739 1795 765 aetatetn
1822 729 1943 776 egres-

149 809 254 854 sum,
286 799 517 850 nuncupavit
544 794 783 844 Augustum,
821 804 865 829 ac
897 792 1047 829 ineunte
1085 803 1184 827 anno
1217 793 1302 837 368.
1336 800 1423 825 cum
1460 786 1535 837 jam
1570 784 1724 826 Treviris
1759 789 1941 838 degeret,

151 867 355 909 secundum
385 876 471 902 cum
507 858 660 901 Valente
689 857 800 894 fratre
832 854 1080 892 Consulatum
1119 852 1290 900 suscepit.
1330 849 1446 899 Apud
1490 848 1662 888 Treviros
1695 851 1809 899 igitur
1841 863 1942 899 erat,

149 935 242 971 dum
275 931 399 979 legem
437 926 482 965 de
515 936 605 962 auto
636 920 841 960 coronario
877 917 944 957 IX.
981 916 1161 961 KalfJul.
1195 912 1354 953 Sabaria
1385 924 1581 963 acceptam
1603 940 1615 962 ,
1652 924 1696 950 ac
1729 916 1944 965 promulga-

154 1010 228 1037 tam
262 995 404 1032 tulerat.

326 1056 491 1096 Occasio
528 1050 691 1092 ferendae
722 1047 829 1099 hujus
856 1048 952 1098 legis
987 1045 1056 1083 fuit
1092 1043 1143 1081 ob
1170 1041 1395 1082 Gratianum
1417 1051 1588 1079 recenter
1618 1052 1783 1079 creatum
1817 1041 1947 1091 Augu-

152 1126 273 1173 stum,
317 1122 377 1159 cui
413 1118 560 1156 ideireo
602 1129 621 1152 a
654 1113 867 1165 provinciis
902 1108 1138 1149 offerendum
1170 1107 1241 1144 fuit
1282 1118 1410 1142 aurum
1446 1105 1699 1141 coronarium.
1741 1107 1833 1142 Erat
1868 1107 1948 1142 haec

150 1188 293 1239 species
323 1182 492 1232 quaedam
527 1179 621 1217 doni
655 1177 833 1227 gratuiti,
874 1173 978 1222 quod
1007 1171 1260 1221 Imperatores
1298 1168 1409 1206 variis
1439 1166 1726 1214 occafionibUS‚
1760 1169 1949 1217 praecipue

155 1263 278 1288 autem
314 1249 355 1284 in
381 1245 482 1282 aditu
506 1242 687 1291 Imperii,
715 1253 733 1275 a
763 1235 936 1287 subjetstis
968 1235 1033 1271 fibi
1065 1234 1216 1284 populis
1241 1232 1368 1270 tributi
1395 1231 1506 1267 instar
1540 1230 1751 1279 exigebant.
1782 1229 1952 1282 Julianus

157 1324 332 1362 magnam
365 1312 434 1345 hac
466 1307 503 1342 in
538 1318 576 1342 re
618 1301 921 1340 moderationem
954 1295 1243 1346 praeseferebat,
1281 1306 1392 1341 quam
1443 1292 1541 1329 edita
1587 1294 1766 1340 peculiari
1807 1293 1949 1329 consti-

155 1377 327 1421 tutione,
362 1369 407 1407 ad
439 1366 645 1414 Sallustium
675 1363 892 1402 Praefeftum
927 1358 1109 1398 Praetorio
1146 1357 1313 1394 Orientis
1344 1354 1548 1403 inscripta,
1584 1354 1686 1391 hisce
1723 1354 1845 1390 verbis
1887 1353 1950 1391 de-

156 1437 341 1477 claravit:
385 1442 517 1469 aurum
551 1426 784 1466 coronarium
824 1424 891 1473 ff
921 1433 1048 1459 munus
1082 1418 1303 1462 voluntatis,
1337 1415 1489 1465 ideoque
1516 1414 1566 1452 ad
1603 1412 1709 1465 lzujus
1734 1414 1953 1453 oblationem

156 1499 325 1539 neminem
353 1494 439 1546 cogi
473 1489 601 1529 debere
628 1489 686 1536 lm)
719 1488 770 1524 At
794 1499 886 1523 vero
918 1480 1192 1521 Valentinianus
1224 1476 1334 1528 hujus
1366 1476 1648 1512 constitutionis
1672 1477 1785 1513 verba
1820 1478 1869 1513 ita
1897 1489 1954 1513 re-

158 1561 325 1606 strinxit,
356 1568 396 1594 ut
426 1553 470 1590 ad
508 1549 673 1588 Curiales
711 1561 752 1585 ea
789 1547 974 1597 pert-inere
1007 1543 1182 1580 noluerit.
1216 1540 1270 1577 Ita
1305 1539 1404 1575 enim
1436 1539 1513 1575 Lex
1549 1538 1802 1575 Valentiniani
1832 1536 1952 1574 Saba·

160 1624 216 1662 νὴ
245 1619 483 1674 promulgata
515 1616 638 1651 sonat:
674 1610 829 1656 Nullus,
862 1606 1028 1658 exeeptis
1067 1601 1300 1646 curialibus,
1337 1613 1429 1652 quos
1454 1613 1530 1650 pro
1557 1598 1765 1647 substantia
1781 1600 1857 1646 fica
1888 1612 1955 1635 au-

157 1698 238 1725 rum
270 1679 501 1722 coronarium
530 1676 664 1726 offerre
700 1672 891 1717 convenit,
927 1667 982 1707 ad
1020 1665 1238 1705 oblationem
1274 1661 1369 1702 lzanc
1404 1660 1626 1699 adtineatur.
1674 1661 1783 1699 Unde
1818 1661 1955 1699 inferre

159 1750 271 1794 licet,
303 1748 379 1782 hoc
417 1753 589 1790 tempore
620 1735 854 1783 Sabarienses
889 1744 1043 1780 quoque
1079 1727 1267 1776 Curiales,
1293 1725 1333 1762 id
1360 1724 1439 1772 est,
1476 1724 1743 1769 DecurioneS,
1773 1724 1953 1771 Seviros,

155 1808 396 1860 Augustales,
409 1814 633 1848 ceterosque
650 1797 885 1846 l‘vlagistratus
901 1794 945 1831 ad
961 1790 1194 1832 offerendum
1208 1801 1337 1826 aurum
1353 1786 1597 1825 coronarium
1614 1784 1808 1823 adstrittos
1822 1784 1942 1823 fuisse.

335 1867 511 1916 Sequitur
541 1866 618 1902 Lex
650 1863 762 1899 altera
783 1889 795 1907 ,
832 1857 991 1898 Sabaria
1022 1853 1212 1906 proposita
1233 1880 1245 1900 ,
1280 1850 1319 1889 ὅ(
1354 1850 1511 1887 nomine
1547 1849 1657 1886 trium
1693 1847 1949 1897 Augustorum

162 1935 267 1974 simul
299 1930 561 1982 regnantium,
593 1926 713 1963 rursus
748 1921 867 1961 Probo
902 1920 1082 1960 Praefesto
1116 1914 1300 1956 Praetorio
1335 1913 1538 1963 inscripta:

505 2022 653 2076 Imppp.
682 2017 979 2063 Valentinianus,
1014 2013 1172 2059 Valens,
1204 2011 1236 2051 δ’
1265 2008 1473 2050 Gratianus
1490 2004 1610 2046 AAA.

921 2076 1043 2118 Probo
1070 2075 1130 2126 Pf.
1161 2072 1200 2113 P.

337 2186 369 2225 A
388 2182 649 2241 poffefforibus
672 2194 744 2234 per
774 2190 849 2218 tres
874 2177 968 2216 vices
986 2184 1144 2227 petatur
1169 2184 1323 2211 annona.
1351 2168 1392 2207 In
1419 2162 1604 2217 epimetris
1629 2172 1750 2202 autem
1775 2176 1854 2202 eam
1873 2175 1957 2202 eon·

164 2249 384 2302 fuetudinern
419 2247 617 2287 Sinceritas
642 2255 707 2282 tua
729 2241 861 2292 faciat
895 2236 1082 2287 observari
1105 2265 1116 2282 ,
1149 2247 1190 2273 ut
1217 2235 1251 2273 in
1282 2229 1397 2271 aridis
1430 2225 1573 2279 quidem
1593 2225 1782 2276 frue'c'ibus
1814 2225 1956 2273 centefi-

167 2326 263 2350 mam
295 2310 434 2350 levandi
461 2306 637 2360 &spendii
667 2306 780 2349 causa
815 2317 839 2340 a
864 2301 1063 2352 poff’ſjbre
1099 2297 1295 2348 Suseeptor
1328 2289 1515 2341 accipiat,
1550 2286 1663 2326 laridi
1691 2301 1798 2333 vero,
1828 2285 1859 2325 δ’
1890 2286 1959 2324 vini

166 2373 389 2421 vicenstmam
417 2374 665 2422 consequatur.
696 2364 768 2404 ΡΡ.
797 2363 882 2403 Vll.
910 2363 967 2401 Id.
983 2361 1069 2413 Jan.
1098 2358 1258 2398 Subari-2
1291 2351 1542 2394 Valentiniano
1566 2349 1648 2388 NB.
1678 2348 1715 2386 R
1746 2347 1778 2386 δ’
1812 2347 1960 2387 Vic‘i‘are

170 2437 262 2486 C0ffi
299 2435 353 2485 9)-

270 2581 311 2611 L.
338 2578 395 2611 cit.
419 2577 482 2609 lex.
508 2579 533 2609 1.

211 2582 246 2676 ἒξ
269 2631 335 2665 Lib.
362 2632 436 2664 XII.
461 2629 542 2663 Cod.
568 2626 696 2660 Theod.
719 2627 768 2659 tit.
794 2628 848 2659 VI.
878 2624 909 2657 de
921 2622 1136 2668 fifi·e}t02¹1'bztr
1158 2622 1241 2655 Lex.
1263 2620 1334 2653 XV.
