2065 2927
145 101 197 139 ‘60
783 88 1020 131 LIBRI
1097 92 1348 134 PRIMI

159 210 191 232 .‚,
218 195 298 221 tem
323 179 510 228 constat„
542 178 598 225 χ’).
640 175 749 216 Idem
784 178 823 214 in
852 176 1030 227 epistola,
1065 179 1258 228 opusculis
1293 181 1463 232 Sulpicii
1486 182 1618 222 Severi
1651 184 1698 222 ab
1724 186 1810 237 ipso
1842 187 1958 233 editis

155 245 328 295 praefixa:
363 271 393 292 „
415 243 495 284 Jam
526 241 620 276 nihil
653 240 769 289 dico,
803 241 951 290 inquit,
980 241 1028 277 de
1057 243 1216 281 arcubus
1250 244 1569 295 triumphalibus,
1593 259 1690 295 quos
1719 249 1758 285 in
1790 250 1942 290 Sabaria

153 333 184 355 ς,
213 304 385 345 excitasse
419 304 522 343 vietis
556 303 777 340 Alemannis
813 303 1003 344 Julianum
1033 303 1217 342 Caesarem
1252 309 1498 346 Marcellinus
1529 308 1596 346 lib.
1624 321 1685 348 21.
1719 311 1772 349 est
1801 313 1949 362 austor,

154 397 186 419 ‚‚
214 371 255 409 ὃ(
283 381 444 416 quorum
469 366 593 403 adhuc
629 365 745 404 hodie
771 367 808 402 in
843 367 958 403 ruinis
993 367 1087 416 saepe
1121 366 1230 405 dietis
1260 369 1433 419 ingentes
1457 372 1633 409 saxorum
1656 374 1805 422 moles,
1838 377 1949 415 vesti-

151 460 183 482 „
211 433 272 482 gia
304 430 351 468 ad
385 429 549 468 nostram
582 440 727 468 aetatem
758 441 1017 480 pervenerunt.
1042 457 1072 478 ,.‚
1107 431 1180 467 Hic
1216 431 1296 468 loci
1325 433 1457 470 Lazius
1492 437 1680 473 memoria
1714 437 1834 487 lapsus
1869 440 1943 479 est:

158 506 244 532 nam
274 505 380 532 antea
418 491 576 531 eosdem
609 505 718 530 arcus
754 492 801 529 ab
833 492 1068 542 Imperatore
1109 492 1335 532 Constantio
1366 497 1552 534 excitatos
1589 497 1696 535 fuisse
1728 500 1946 550 scripserat;

156 558 271 605 idque
300 558 445 594 reffius.
479 556 616 606 Reipsa
648 557 747 593 enim
781 554 829 593 de
855 554 1080 592 Constantio
1098 554 1253 596 Juniore
1271 585 1283 605 ,
1317 569 1395 594 non
1430 557 1477 594 de
1505 559 1655 600 Juliano
1682 563 1951 612 intelligendus

152 621 205 659 est
242 620 468 658 Ammianus
501 619 747 658 Marcellinus
780 618 803 654 l.
830 619 892 654 cit.
922 619 1001 654 haec
1035 616 1223 656 referens:
1267 618 1318 656 Ut
1349 630 1470 657 autem
1502 619 1538 658 in
1575 623 1739 662 externis
1763 623 1867 664 hellis
1896 623 1955 664 lzie

151 680 324 735 Princeps
340 683 425 733 fuit
446 682 600 731 saucius
636 678 668 718 Β
701 677 896 728 αιῂίίἱόἵιιες
926 679 981 718 ita
1003 678 1475 732 prospereficccedentibus
1497 685 1636 735 pugnis
1666 685 1828 725 civilibus
1853 687 1957 726 tumi-

148 742 242 794 dus,
278 743 312 783 ὣ*
337 744 509 792 intestinis
539 742 721 781 ulceribus
745 741 947 794 reipublicae
968 742 1077 792 sanie
1102 743 1284 794 perfusus
1313 740 1524 782 horrenda:
1560 757 1631 796 quo
1661 761 1788 799 pravo
1813 763 1956 802 propo-

139 806 217 856 ι[ἱῐο
243 806 364 859 magis
401 819 510 858 quam
542 806 638 844 rec‘zo
673 803 731 843 vel
754 804 891 852 ufitato
923 801 1164 856 triumphales
1191 803 1314 843 Arcus
1341 817 1392 843 ex
1420 805 1529 845 clade
1555 808 1836 859 provinciarum
1854 813 1956 860 sicm-

145 868 273 922 ptibus
298 870 442 920 magnis
470 868 586 908 erexit
614 867 648 906 in
673 867 809 906 Galliis
833 866 865 906 ὃ
895 865 1110 916 Pannoniis,
1138 866 1253 906 titulis
1277 869 1466 919 gestorum
1494 868 1637 919 affixis
1655 893 1669 900 ·
1692 891 1705 900 -
1733 892 1745 900 ·
1763 875 1810 923 se
1830 872 1959 924 quoad

148 933 252 979 liare
272 942 453 986 poterunt
477 943 707 970 monumenta
731 930 887 969 hauris.

320 995 375 1033 At
401 1008 492 1032 vero
525 996 564 1031 in
594 995 706 1031 nullis
737 994 915 1031 haetenus
947 992 1116 1043 lapidum
1149 993 1420 1033 Sabarienfium
1460 996 1778 1047 inscriptionibus
1819 1001 1958 1052 reperti

145 1059 229 1098 sunt
258 1061 356 1098 tituli
388 1071 575 1096 nomenve
603 1055 806 1102 Constantii
834 1056 1020 1095 Caesaris:
1053 1057 1305 1105 quamobrem
1334 1059 1414 1108 ipse
1444 1060 1572 1096 malim
1611 1060 1849 1112 existimare,
1885 1076 1954 1102 co-

148 1123 320 1171 lumnas,
356 1121 403 1158 de
435 1120 569 1170 quibus
594 1121 767 1169 agimus,
798 1119 846 1157 ad
871 1119 996 1157 Arcus
1025 1118 1232 1158 Domitiani
1255 1118 1417 1173 Augusti
1447 1122 1671 1172 pertinuisse.
1706 1125 1825 1174 Supra
1847 1126 1947 1164 enim

148 1185 316 1223 vidimus
353 1187 392 1222 in
428 1184 592 1234 geminis
626 1182 815 1233 lapidibus
841 1182 1044 1221 consuetos
1080 1180 1191 1233 hujus
1222 1183 1414 1234 Principis
1454 1185 1585 1223 titulos
1617 1186 1721 1223 eraso
1759 1188 1851 1226 licet
1888 1202 1959 1228 no·

149 1252 262 1288 mine.
297 1248 360 1286 De
392 1247 602 1284 ambitione
632 1258 755 1284 autem
793 1246 833 1284 &c
867 1244 958 1281 fastu
993 1243 1199 1283 Domitiani
1228 1246 1278 1283 ita
1307 1246 1439 1285 scribit
1470 1248 1700 1287 Suetonius:
1726 1250 1849 1301 Janos
1879 1252 1953 1291 Ar-

145 1325 280 1363 cusque
310 1323 391 1348 cum
418 1307 610 1360 quadrigis
635 1306 666 1346 δ’
689 1306 884 1359 insignibus
911 1302 1177 1357 triumphorum
1194 1320 1270 1358 per
1290 1307 1455 1359 regiones
1481 1309 1603 1357 urbis,
1630 1322 1780 1360 tantos,
1812 1327 1859 1351 ac
1889 1325 1947 1352 tot

148 1373 332 1421 exstruit,
375 1383 416 1409 ut
453 1369 602 1422 quidam
638 1368 754 1408 Arcui
779 1381 893 1421 graece
919 1368 1130 1420 inscriptum
1148 1366 1204 1417 fit
1236 1368 1336 1420 ἀρκεῖ.
1368 1371 1548 1408 Praeterea
1584 1371 1725 1408 Caffius
1754 1374 1834 1410 Dio
1868 1387 1951 1411 nar·

149 1450 226 1476 rat:
258 1435 509 1473 Domitianum
538 1433 711 1483 suscepto
740 1432 913 1469 adversus
941 1431 1099 1478 Dacos,
1128 1431 1168 1469 &
1195 1432 1496 1469 Marcomannos
1525 1432 1628 1470 bello
1658 1433 1698 1469 in
1728 1431 1948 1474 Pannoniam

150 1498 288 1538 venisse
303 1526 315 1547 ,
337 1510 404 1543 ac,
428 1498 518 1534 licet
543 1496 588 1532 ab
614 1496 659 1532 iis
681 1495 800 1532 vict-us
826 1494 945 1542 effet,
963 1494 1211 1531 nihilominus
1236 1493 1489 1544 triumphasse.
1514 1491 1634 1543 Hujus
1658 1506 1751 1542 ergo
1770 1495 1952 1545 triumphi

151 1565 286 1602 Romae
316 1560 495 1598 celebrari
526 1559 727 1596 occasione
755 1558 836 1595 fieri
865 1557 1017 1607 potest,
1057 1567 1097 1594 ut
1133 1556 1362 1594 Domitiano
1392 1555 1551 1593 Sabariae
1581 1555 1621 1591 in
1654 1557 1846 1594 Pannonia
1875 1569 1954 1594 ere-

153 1626 231 1662 &us
254 1624 366 1661 fuerit
388 1635 521 1670 arcus,
550 1634 641 1658 mox
671 1620 755 1671 post
777 1620 876 1657 illius
903 1618 1045 1657 caedem
1074 1617 1290 1656 diruendus.
1330 1617 1402 1656 Tot
1427 1618 1520 1656 enim
1536 1647 1547 1666 ,
1573 1619 1624 1656 ait
1643 1620 1750 1668 Dio,
1773 1634 1819 1658 ac
1841 1630 1952 1657 tanta

152 1686 184 1724 ei
209 1685 359 1723 decreta
387 1687 493 1732 lunt,
524 1695 564 1721 ut
593 1697 732 1722 omnem
760 1683 850 1733 fere
878 1681 1003 1722 orbem
1029 1692 1234 1731 terrarum,
1268 1680 1330 1731 qui
1344 1679 1419 1732 ficb
1453 1678 1589 1718 ditione
1618 1681 1695 1731 ejus
1725 1692 1829 1729 erat,
1864 1681 1955 1720 ima-

150 1749 253 1800 gines
279 1749 355 1799 ejus
381 1746 412 1786 Β
432 1749 557 1794 statua
585 1759 699 1784 aureae
715 1746 860 1797 juxta,
884 1754 998 1796 atque
1027 1755 1204 1796 argentea!
1231 1743 1425 1795 replerent,
1460 1743 1648 1781 Caeterum
1677 1744 1760 1790 quis
1784 1743 1859 1792 est,
1885 1745 1950 1792 qui

155 1825 226 1862 pro
253 1823 360 1849 certo
390 1810 588 1849 adfirmare
618 1810 731 1859 aufit,
759 1810 955 1846 columnas
983 1811 1049 1845 has
1078 1820 1149 1857 pro
1179 1806 1285 1845 Arcu
1304 1806 1532 1857 'triumphali
1557 1805 1820 1856 verisimilius,
1844 1819 1956 1855 quam

156 1888 227 1925 pto
254 1876 409 1914 Porticu
441 1875 600 1924 templi,
634 1885 694 1911 aut
727 1874 884 1919 theatri,
916 1871 1105 1918 adhibitas
1133 1869 1263 1909 fuisse?

328 1938 472 1975 Comes
493 1935 695 1984 Marfilius
720 1935 830 1974 T.11.
856 1923 983 1985 opefis
1009 1935 1117 1984 supra
1143 1933 1281 1971 laudati
1318 1931 1409 1974 Tab,
1437 1944 1497 1981 39.
1527 1934 1594 1971 tria
1617 1930 1823 1982 fragmenta
1846 1932 1953 1982 idge-

158 2013 226 2038 nus
251 2002 514 2038 columnarum
543 1999 814 2038 Sabarienfium
840 1999 899 2035 aeri
920 1998 1036 2035 incisa
1067 1997 1311 2047 repraesentat.
1339 1993 1489 2046 Jordan
1517 1996 1666 2033 tertium
1698 1994 1950 2044 fragmentum

158 2061 233 2113 jam
271 2077 341 2113 pro
372 2063 495 2101 fulcro
535 2063 670 2100 Statuae
708 2062 773 2099 SS.
807 2060 1004 2098 Trinitatis
1035 2061 1257 2110 applicitum
1290 2057 1394 2097 fuiffe
1428 2057 1584 2108 prodit,
1614 2058 1678 2094 lib.
1699 2058 1795 2107 supr.
1824 2058 1889 2095 cit.

338 2125 483 2166 Tabula
506 2124 600 2163 XII.
634 2124 721 2162 sistit
753 2135 926 2161 truncum
961 2124 1139 2173 corpori-s
1170 2124 1306 2161 Statuae
1345 2120 1535 2159 colossalis
1570 2133 1615 2157 ex
1645 2133 1834 2157 marmore
1865 2133 1955 2157 can·

162 2187 267 2225 dido.
304 2190 436 2227 peetus
462 2188 581 2238 aegide
612 2188 795 2225 munitum
812 2215 824 2235 ,
857 2187 895 2225 &
926 2186 1019 2223 stola
1043 2185 1237 2223 muliebris
1267 2184 1477 2222 manifestat
1501 2182 1725 2220 Minervam.
1748 2185 1837 2220 Haec
1863 2183 1953 2220 belli

164 2250 204 2288 δέ
231 2251 466 2288 scientiarum
496 2252 632 2289 Praeses
663 2249 761 2300 apud
788 2249 947 2298 gentiles
976 2250 1176 2287 Romanos
1208 2248 1373 2298 primum
1404 2247 1500 2283 inter
1532 2247 1633 2283 Deas
1661 2246 1790 2282 locum
1821 2247 1953 2293 tenuit,

166 2312 308 2360 ipsique
331 2314 468 2354 Junoni
497 2327 516 2350 a
544 2313 685 2351 dextris
710 2313 828 2350 locari
853 2311 1003 2349 solebat.
1037 2311 1249 2361 Imperator
1270 2307 1532 2356 Domitianus,
1563 2305 1668 2358 cujus
1698 2308 1823 2356 paullo
1849 2319 1956 2346 antea

168 2376 407 2412 meminimus
421 2404 433 2422 .‚
457 2379 553 2413 hanc
574 2377 696 2414 Deam
722 2375 902 2425 peculiari
926 2374 1028 2412 cultu
1048 2373 1365 2424 prosequebatur,
1391 2384 1475 2408 nam
1491 2371 1529 2410 ὃ(
1545 2370 1794 2420 Quinquatria
1818 2371 1854 2405 in
1875 2367 1954 2419 ejus

168 2440 354 2475 honorem
370 2439 538 2484 instituit«,
553 2439 702 2476 &illius
716 2438 841 2486 effigie
857 2450 992 2475 numos
1006 2437 1306 2487 quamplurimos
1320 2435 1497 2484 fignavit:
1513 2433 1612 2471 unde
1626 2430 1837 2479 conjeetare
1851 2433 1955 2480 licet,

170 2502 263 2536 hanc
278 2500 441 2537 Statuam
454 2529 465 2547 ,
487 2501 554 2536 illo
569 2503 774 2549 imperante
787 2529 798 2549 ,
816 2500 948 2538 fastam
960 2528 971 2548 ,
987 2500 1026 2539 &
1038 2499 1197 2538 Sabariae
1212 2499 1249 2535 in
1265 2495 1434 2549 ejusdem
1448 2498 1540 2535 Deae
1556 2495 1644 2532 fano
1659 2494 1821 2531 locatam
1838 2493 1956 2533 fuiffe.

218 2639 252 2679 su)
276 2639 392 2671 Lazius
413 2637 487 2672 Lib.
516 2647 561 2672 12.
585 2637 623 2670 de
648 2638 778 2680 ttepubl.
803 2639 900 2671 Rom,
923 2638 996 2672 Γεθε.
1023 2646 1051 2682 3.
1073 2647 1143 2680 cap.
1165 2646 1193 2672 2,
