2065 2927
521 105 800 147 CAPUT
879 103 1369 144 SECUNDUM.
1815 115 1839 156 7

50 213 163 240 mare.
196 199 281 237 Erit
311 193 460 236 fortaffe
490 194 632 241 etiam,
659 192 725 240 qui
754 188 946 229 Savariam
983 189 1180 230 arbitretur
1211 189 1440 228 vocabulum
1470 186 1543 228 effe
1576 188 1724 237 origine
1756 190 1839 229 Sar-

51 265 254 309 maticum,
286 260 346 297 seu
377 269 483 295 vetus
512 254 730 302 Slavicum,
764 252 816 290 ob
852 257 1041 303 Savaros,
1069 267 1089 290 a
1116 250 1301 291 Ptolemaeo
1333 253 1372 289 in
1400 252 1583 290 Sarmatia
1612 253 1841 291 nominatos.

50 328 192 361 Verum
215 319 440 371 conjecturae
462 319 549 356 huic
572 317 783 355 adversatur
810 318 998 367 primum,
1023 319 1109 365 quia
1130 318 1168 352 in
1195 314 1330 352 mediis
1360 327 1514 363 quoque
1543 315 1678 353 Galliis
1697 342 1710 364 ,
1743 316 1841 354 intra

48 388 270 428 Parifiorum
292 384 410 431 fines,
443 383 508 420 ubi
537 382 647 418 nullae
679 394 843 428 unquam
873 381 1122 419 Sarmatarum
1152 376 1259 414 sedes
1288 375 1419 423 fuere,
1450 377 1633 426 reperitur
1656 376 1696 415 δι
1724 378 1841 427 rivus,

48 453 88 490 ἀ
119 461 237 500 pagus
271 447 367 485 olim
399 443 545 483 Savara
577 443 724 490 dietus,
753 455 825 481 nec
860 454 937 479 non
969 441 1128 480 castrum
1162 436 1446 487 savarduum,
1479 439 1588 477 aliter
1616 436 1842 489 Sabardun‚

48 524 124 550 non
153 510 291 561 procul
320 508 366 545 ab
396 507 568 557 Apamiis
596 504 734 540 distans
762 502 816 552 ζ).
851 502 1004 542 Deinde
1028 531 1042 552 ,
1081 503 1167 551 quia
1203 501 1378 550 constat,
1408 498 1587 539 Ptolemaei
1616 502 1841 551 Geographi

46 587 177 622 aetate,
212 585 290 611 non
326 582 459 611 omnes
492 568 681 606 Sarmatiae
718 565 911 614 Europaeae
947 566 1112 617 populos
1143 563 1250 603 fuiffe
1285 564 1435 612 origine
1466 562 1507 601 &
1538 563 1665 613 lingua
1695 564 1841 602 Sarma-

49 647 130 683 ωε,
169 633 231 671 sed
269 632 475 671 nonnullos
504 631 615 666 etiam
649 627 778 666 celtici
811 627 962 675 generis
992 627 1150 676 Gallos,
1182 627 1475 673 Germanosque
1502 624 1557 673 a).

679 909 1055 962 CAPUT
1142 910 1211 959 ΙΙ.

49 1032 171 1072 Vario:
200 1028 386 1081 opiniones
416 1028 665 1067 recentiorum
697 1024 740 1065 de
758 1022 838 1079 sttu
866 1025 1025 1076 antiquet
1054 1021 1219 1064 Sabarioe
1239 1055 1251 1075 ,
1293 1014 1341 1067 ΕΞ
1380 1026 1554 1068 Veterum
1587 1025 1811 1082 Testimonia
1825 1057 1840 1080 ,

228 1095 364 1150 quibus
388 1096 577 1150 probatur
598 1094 715 1152 fitam
733 1088 850 1150 fiiff
879 1095 916 1133 in
946 1093 1141 1143 hodierna,
1171 1093 1286 1143 vulgo
1305 1094 1410 1136 Stein
1435 1108 1497 1137 am
1516 1094 1669 1149 Anger,

698 1154 746 1206 Β
775 1162 1041 1217 szomhathezy
1071 1158 1184 1203 aziza.

50 1265 392 1351 HACTENUS
430 1311 477 1349 de
502 1314 607 1351 vario
633 1308 793 1352 Sabariae
824 1312 991 1351 nomine.
1023 1311 1139 1350 Nunc
1165 1322 1212 1349 an
1236 1322 1343 1350 vetus
1378 1312 1442 1350 illa
1468 1310 1652 1363 Sabaria,
1682 1313 1744 1353 seu
1772 1310 1848 1352 Sa-

47 1374 179 1425 varia,
210 1375 360 1413 Claudii
382 1375 541 1425 Augusti
571 1377 751 1425 colonia,
775 1376 961 1424 eundem,
990 1388 1102 1423 quem
1129 1374 1335 1424 hodierna,
1363 1376 1480 1426 vulgo
1505 1374 1602 1414 Stein
1618 1388 1680 1413 am
1702 1374 1844 1427 Anger,

50 1438 91 1477 &
121 1435 382 1487 Szombathely
411 1438 508 1476 dic‘ta
525 1467 538 1487 ,
567 1439 674 1477 fitum
712 1437 908 1486 habuerit,
940 1437 1146 1475 videndum
1179 1437 1241 1474 est.
1268 1436 1457 1489 Maginus
1481 1438 1605 1485 enim,
1634 1434 1847 1484 Moletius,

51 1501 91 1539 ἀ
123 1497 407 1537 Pirckheimerus
437 1514 520 1538 eam
548 1501 752 1538 attribuunt
782 1499 949 1547 Graecio,
979 1501 1144 1551 principi
1178 1501 1311 1555 Styriae
1346 1499 1430 1537 urbi
1457 1498 1526 1548 b):
1561 1497 1771 1545 Cluverius,
1806 1497 1846 1536 &

54 1554 234 1597 Cellarius
266 1559 415 1609 oppido
437 1588 450 1608 ,
481 1561 678 1607 castroque
711 1562 912 1608 Hungariae
942 1558 1083 1596 Sorva‘r·
1111 1562 1170 1605 c):
1203 1561 1452 1598 recentiffime
1482 1574 1573 1599 vero
1605 1562 1665 1598 Cl.
1696 1560 1848 1599 Korona

53 1621 210 1657 eandem
242 1622 399 1669 propius
430 1621 477 1656 ad
510 1622 653 1657 sacrum
683 1622 884 1658 Pannoniae
911 1632 1083 1657 montem
1116 1620 1353 1668 investigavit
1377 1618 1433 1669 d).
1473 1622 1566 1659 Sunt
1602 1625 1745 1671 etiam,
1781 1624 1845 1671 qui

49 1679 246 1720 &cibariam
283 1694 302 1718 a
338 1681 502 1720 Sabaria
541 1681 813 1732 distinguentes
834 1710 847 1731 ,
891 1692 954 1718 ant
987 1680 1087 1717 haud
1121 1680 1279 1730 Graecii,
1315 1694 1376 1720 aut
1414 1681 1594 1720 Leihnicii
1622 1685 1661 1720 in
1691 1686 1845 1739 styria,

49 1745 156 1781 illam
191 1756 282 1781 vero
317 1745 376 1780 vel
413 1745 452 1779 in
490 1744 656 1792 Sa‘rva'r,
689 1744 749 1780 vel
785 1744 823 1780 in
853 1739 1138 1792 Szombatlzely,
1172 1744 1235 1780 seu
1266 1744 1305 1780 in
1335 1742 1431 1782 Stein
1462 1757 1524 1781 am
1556 1742 1709 1795 Anger,
1743 1747 1847 1783 Hun-

47 1805 163 1854 gariae
199 1803 382 1854 oppidis,
414 1804 610 1841 collocent
637 1804 687 1852 e).

222 1865 299 1914 At,
332 1865 359 1902 fi
381 1865 600 1903 vetustiores
627 1866 837 1914 AustoreS,
865 1878 1029 1914 quorum
1057 1867 1280 1906 testimmiis
1307 1871 1418 1907 unice
1448 1871 1488 1906 in
1517 1871 1593 1907 hoc
1618 1880 1843 1919 argumento

52 1926 220 1965 standum
252 1928 305 1966 est
327 1956 340 1975 ,
373 1928 641 1976 consulantur,
675 1928 713 1964 hi
748 1925 907 1964 sobariae
937 1928 1044 1966 fitum
1083 1931 1321 1979 sequentibus
1357 1932 1458 1969 notis
1495 1931 1536 1970 &
1568 1930 1843 1968 characteribus

52 1989 285 2037 infigniunt:
325 1987 460 2028 Plinius
490 2001 628 2038 notat,
665 1990 824 2039 positam
860 1989 966 2027 fuiffe
1004 1991 1043 2026 in
1071 1990 1257 2042 Bojorum
1295 1993 1449 2031 desertis
1485 1995 1637 2033 Norico
1672 1995 1845 2033 finitimis

54 2063 124 2087 una
155 2064 241 2089 cum
273 2053 355 2090 lacu
384 2053 568 2100 Peisone‚
591 2053 824 2106 ‚oppidoque
853 2054 1103 2093 Scarabantia.
1137 2056 1310 2105 Noricis,
1343 2058 1488 2106 inquit,
1503 2056 1712 2108 junguntur
1742 2056 1847 2095 lacus

53 2109 182 2160 Peis0,
208 2113 364 2164 Deserta
393 2116 589 2165 Boyorum:
617 2116 694 2163 iam
724 2127 842 2155 tamen
869 2115 1015 2156 colonia
1043 2117 1124 2157 divi
1147 2118 1293 2158 Claudii
1329 2118 1515 2167 Sabaria,
1540 2117 1574 2158 ὃ
1592 2117 1731 2172 oppido
1753 2123 1846 2157 Sca·

1820 2182 1827 2196 .

44 2207 1845 2229 -ῇ--ῄῄ-ῄ-ῄ--ῂ--Μ

94 2275 131 2315 ε)
154 2275 255 2308 Hadr.
278 2277 421 2309 Valesius
446 2279 480 2310 in
501 2279 607 2312 Notit.
631 2279 805 2311 Galliarum
832 2281 918 2313 Voc.
940 2279 1078 2321 Sauara,
1102 2283 1149 2326 qui
1172 2283 1210 2315 Εἰ
1234 2283 1435 2316 Martiuellnr.

93 2325 130 2365 a)
157 2326 234 2359 Vid.
266 2326 384 2359 Tac'tus
406 2330 446 2361 de
469 2331 585 2364 morib.
609 2332 719 2365 Germ.
744 2342 813 2374 c÷p.
838 2338 888 2374 45.
913 2333 943 2365 &
966 2333 1021 2376 46.

92 2380 124 2416 b)
148 2380 184 2410 In
207 2379 288 2411 Not.
311 2381 349 2412 ad
375 2382 495 2423 Geogr.
524 2384 688 2415 Ptolemaei
714 2384 767 2416 lib⁴
794 2394 821 2417 2.
846 2392 917 2426 cap.
946 2393 993 2428 ις.

52 2432 120 2512 fg
146 2431 231 2461 cru-ce
248 2431 299 2463 ius
321 2432 362 2463 de
385 2434 550 2467 Vindelic.
583 2436 612 2468 &
642 2436 758 2469 Ναὶς.
782 2447 854 2480 cap.
878 2442 902 2470 1.
925 2448 957 2472 n.
981 2441 1031 2472 26.
1066 2439 1207 2473 Cellam‘us
1236 2439 1345 2475 Notit.
1369 2442 1448 2475 Orbi
1470 2444 1590 2485 antiqui
1613 2447 1655 2478 T.
1677 2447 1705 2478 1.
1729 2445 1785 2478 lib.
1811 2454 1839 2479 2,

66 2490 83 2511 e
154 2495 177 2513 1.
205 2492 235 2513 n.
264 2493 311 2514 ιε.

93 2533 128 2571 d)
153 2535 183 2565 H
201 2535 231 2565 st.
258 2538 328 2568 Duc
367 2538 474 2579 ng.
499 2550 531 2580 p.
559 2550 628 2583 213.
655 2543 683 2574 δι
711 2543 744 2576 P.
769 2546 793 2577 Ι.
819 2544 895 2578 Hist.
920 2552 1038 2585 pragm.
1061 2545 1169 2585 Hung.
1193 2555 1226 2587 p.
1251 2548 1304 2589 54.

91 2586 122 2625 e]
149 2585 263 2620 Lusius
287 2591 360 2623 Lib.
389 2600 435 2624 ια.
470 2601 509 2622 oe
534 2594 613 2634 Rep.
641 2596 735 2630 Rom.
760 2596 832 2629 sest.
857 2606 886 2640 3.
911 2605 982 2638 cap.
1005 2600 1034 2633 8.
1058 2597 1088 2629 &
1112 2597 1271 2631 Bai-*dranci
1291 2600 1402 2635 LexiC.
1427 2600 1550 2644 Geogt.
1574 2603 1615 2633 V.
1638 2600 1783 2635 Salasso,
1809 2602 1838 2632 ἐῑ

59 2634 136 2666 Sam
143 2657 147 2664 >
155 2637 195 2669 ia.
