2065 2927
573 112 851 152 CAPUT
931 107 1341 149 TERTIUM.
1807 116 1850 140 it

50 200 132 249 fius
159 202 296 239 erroris
327 200 532 248 coarguit3
565 199 664 247 quasi
695 198 875 234 videlicet
907 209 976 246 pro
1011 196 1093 232 lacu
1127 194 1285 232 Peisone
1322 190 1584 240 Brigantinum
1610 219 1621 239 ,
1660 191 1724 238 qui
1754 186 1853 238 apud

66 265 287 302 Vindelicos
318 274 420 309 erat,
452 263 662 311 acceperit,
691 273 802 307 atque
831 258 918 296 ideo
950 260 988 294 in
1015 255 1269 292 describendis
1304 254 1432 291 Boicae
1459 252 1684 290 Solitudinis
1713 251 1850 289 finibus

60 328 304 363 hallucinatus
339 324 450 362 fuerit
476 323 526 371 r).
557 325 752 372 Quoniam
782 334 905 358 tamen
940 332 985 358 ex
1017 318 1098 354 aliis
1125 318 1381 353 monumentis
1415 315 1584 364 constat,
1613 314 1735 365 Boios
1763 326 1848 351 ante

61 390 252 427 Christum
289 400 413 425 natum
449 399 525 423 non
558 385 677 422 modo
710 385 747 420 in
782 383 972 421 Pannonia
1005 391 1126 429 prop-e
1155 378 1352 424 Noricos,
1386 390 1515 413 verum
1550 378 1663 415 etiam
1695 379 1733 414 in
1764 374 1847 426 ipso

58 451 207 487 Norico
243 447 344 499 juxta
374 448 599 486 Vindelicos
632 446 834 494 habitasse,
872 446 1064 489 variasque
1102 438 1368 478 vicissitudines
1398 438 1590 488 perpeffos
1626 437 1758 486 fuisse,
1791 437 1849 475 id·

58 514 165 549 circo
190 511 407 550 Strabonem
432 509 546 548 Plinio
577 510 846 547 conciliaturus
870 505 1071 548 existimo;
1099 503 1209 539 istum
1239 501 1393 549 quidem
1420 501 1467 539 de
1488 503 1576 539 solis
1599 502 1848 549 Pannonicis,

54 586 91 612 at
127 576 295 624 priorem
328 574 433 610 illum
461 573 566 609 fimul
602 571 648 608 de
683 569 836 606 Noricis
867 565 1053 617 Boj'orum
1087 566 1255 604 Desertis
1292 565 1454 613 intelligi
1490 576 1697 614 oportere,
1732 562 1848 610 idque

56 650 285 689 propterea,
326 637 430 686 quod
462 636 629 673 Noricus
663 630 848 682 Bojorum
883 641 997 678 ager,
1032 628 1097 674 qui
1129 638 1303 676 tempore
1338 624 1533 663 &rahonis
1567 624 1691 662 adhuc
1724 624 1848 664 deser-

54 707 112 736 tu's
139 697 330 749 jacuerat,
368 709 472 735 aetate
498 694 599 733 Plinii
628 694 793 745 pluribus
827 691 902 742 jam
935 691 1116 740 oppidis,
1156 702 1268 737 quam
1294 701 1334 737 ug
1369 690 1574 725 etiamnum
1594 687 1846 726 Desertorum

54 761 210 798 nomine
241 759 466 808 compellari
502 755 707 803 debuisset,
738 754 993 800 frequentatus
1026 753 1149 791 fuerit.
1184 754 1239 791 Ita
1273 755 1373 791 enim
1405 750 1541 790 Plinius
1571 748 1762 789 laudatum
1785 749 1847 786 Li·

54 821 110 857 bri
133 821 200 858 III.
234 821 359 869 Caput
386 818 528 857 XXIV.
564 818 742 853 inchoat:
762 811 894 851 Rhe-‘is
913 819 1123 867 junguntur
1150 814 1304 853 Norici:
1330 812 1473 865 oppida
1497 824 1622 851 eorum
1650 809 1844 855 Virunum,

55 883 172 921 Celeia
189 911 200 929 ,
238 883 415 929 Teurnia,
449 879 656 929 Aguntum,
685 873 881 924 Acmonia,
910 874 1092 921 Claudia,
1117 874 1309 922 Flavium,
1333 873 1506 923 Soluense.
1542 874 1747 922 Reliquum
1773 871 1847 910 Ca-

55 947 139 994 pitis
176 947 225 982 itii
260 946 400 982 habet:
440 939 593 979 AVoricis
620 940 822 990 junguntur
852 938 965 978 lacus
997 939 1097 988 Peiso
1121 967 1132 985 ,
1173 938 1329 987 Deserta
1362 936 1566 986 Boiorum:
1593 937 1679 986 jam
1724 945 1845 972 tamen

46 1008 193 1045 colonia
226 1004 300 1044 divi
324 1001 471 1042 Claudii
500 1001 662 1041 Sabaria
685 1031 697 1047 ,
740 1001 772 1041 ὃ
812 1002 952 1054 oppido
991 1001 1243 1043 Scarabantia
1267 999 1372 1052 Julia
1407 996 1630 1038 habitantur.
1676 997 1845 1045 Sequens

57 1069 208 1105 denium
232 1066 355 1115 Caput
382 1065 430 1101 fic
454 1065 608 1114 incipit:
635 1062 725 1102 Inde
745 1063 964 1116 glandifera
989 1064 1201 1110 Pannoniae,
1233 1077 1306 1114 qua
1338 1060 1555 1112 mitescentia
1585 1058 1734 1112 Alpium
1749 1058 1847 1110 juga

54 1141 121 1167 etc.
150 1129 202 1165 uti
223 1128 328 1178 supra
351 1127 489 1164 dieium
518 1127 581 1165 est.
609 1130 774 1177 Verum,
802 1129 925 1176 inquis
943 1157 955 1177 ,
984 1127 1009 1164 fi
1034 1127 1194 1165 Deserta
1222 1123 1411 1175 Bojorum
1442 1125 1544 1173 prius
1572 1123 1711 1160 Norici
1739 1120 1846 1158 simul

55 1194 94 1233 ὅ(
118 1194 342 1240 Pannoniae,
374 1192 504 1242 postea
535 1191 648 1229 solius
674 1193 879 1230 Pannoniae
909 1190 1038 1242 portio
1070 1187 1241 1237 quaedam
1278 1186 1404 1232 fuere,
1437 1183 1528 1231 quid
1562 1183 1677 1220 causae
1709 1181 1846 1228 subest,

51 1270 116 1294 cur
150 1257 396 1295 nihilominus
430 1268 503 1293 tam
539 1253 698 1301 Plinius,
735 1268 849 1303 quam
879 1253 1016 1293 Strabo
1045 1253 1201 1290 alterum
1237 1253 1373 1287 horum
1404 1247 1650 1286 Desertorum
1684 1244 1846 1282 limitem

50 1319 283 1357 Pannoniam
319 1317 542 1355 nominent?
579 1316 699 1352 Causa
736 1315 890 1364 quidem
919 1317 958 1353 in
991 1315 1155 1353 obscuro
1191 1313 1268 1361 est,
1300 1311 1327 1348 fi
1364 1309 1454 1358 quid
1489 1321 1615 1347 tamen
1642 1308 1847 1356 adsequor,

48 1382 211 1419 Romani
241 1384 321 1418 haec
348 1378 533 1432 Bojorum
564 1381 722 1418 Deserta
757 1380 931 1418 videntur
956 1377 1173 1426 aliquandiu
1210 1375 1409 1426 peculiaris
1440 1372 1609 1422 regionis
1641 1371 1775 1418 instar,
1804 1379 1847 1405 ac

49 1444 163 1480 veluti
195 1455 307 1491 agros
339 1442 578 1490 decumates,
609 1443 712 1493 prius
742 1443 979 1491 Vindelicis,
1008 1442 1097 1479 dein
1132 1441 1292 1480 Noricis
1326 1450 1468 1476 tantum
1494 1436 1533 1474 ὅ(
1558 1434 1764 1474 Pannoniis
1792 1434 1847 1468 in-

48 1500 255 1552 terjeaos,
291 1503 479 1551 habuiffe,
523 1505 562 1542 &
602 1505 860 1544 confideraffe.
893 1507 984 1543 Non
1018 1505 1120 1542 enini
1152 1503 1277 1553 probo
1308 1501 1462 1538 illorum
1496 1499 1742 1544 sententiam,
1777 1496 1842 1543 qui

52 1563 155 1599 nullo
189 1562 331 1599 idoneo
365 1563 600 1601 documento
638 1566 714 1602 nixi
754 1567 988 1613 adfirmant,
1024 1568 1215 1602 Noricum
1259 1577 1432 1611 tempore
1466 1564 1676 1612 primorum
1712 1560 1845 1608 Augw

50 1624 191 1660 storum
228 1636 295 1672 per
327 1636 504 1670 magnam
533 1626 748 1673 Superioris
779 1628 980 1663 Pannoniae
1013 1638 1157 1674 partem
1182 1653 1196 1672 ,
1234 1624 1349 1670 usque
1390 1620 1571 1658 videlicet
1609 1619 1846 1668 sabariam,

48 1697 158 1733 quam
191 1684 339 1721 idcirco
376 1684 591 1734 Bonfinius,
629 1685 669 1723 &
705 1684 910 1733 Ranzanus
941 1686 1080 1724 Norici
1109 1685 1241 1723 urbem
1280 1684 1470 1733 appellant
1503 1683 1539 1730 s)
1561 1711 1572 1731 ,
1609 1680 1847 1732 procurrisse,

51 1748 165 1786 Certe
201 1746 362 1796 Plinius,
400 1759 439 1785 ut
476 1747 603 1797 paullo
634 1759 718 1785 ante
749 1747 939 1797 vidimus,
972 1748 1129 1786 Deserta
1160 1744 1379 1796 Boiorum,
1413 1747 1452 1783 in
1488 1745 1623 1795 quibus
1661 1756 1739 1783 erat
1777 1743 1843 1782 Sa·

46 1807 179 1857 baria,
209 1821 311 1846 extra
343 1809 562 1857 Noricum,
598 1809 743 1847 tametsi
772 1811 811 1845 in
844 1808 1015 1848 confinio
1048 1812 1213 1859 Norici,
1244 1809 1435 1848 describit.

231 1871 328 1920 Sed,
352 1883 541 1919 utcunque
566 1874 646 1909 haec
667 1869 865 1910 Strabonis
884 1884 929 1908 ac
957 1869 1058 1910 Plinii
1079 1871 1316 1921 temporibus
1343 1867 1622 1914 fuerint3'illud
1646 1870 1683 1906 in
1711 1880 1842 1919 aperto

47 1934 123 1972 est:
156 1935 315 1974 Deserta
343 1933 457 1972 Plinio
488 1945 695 1972 memorata
708 1953 725 1983 ,·
757 1934 954 1983 postquam
994 1935 1162 1985 pluribus
1188 1935 1429 1982 civitatibus,
1461 1933 1640 1984 oppidis,
1670 1934 1845 1980 villisque

48 1995 204 2033 habitari
235 2007 454 2046 coeperant,
484 1997 619 2034 iterum
648 1997 850 2034 Pannoniae
887 1996 994 2038 fuiffe
1026 1999 1183 2048 inserta,
1222 2012 1386 2047 cumque
1417 1997 1651 2036 Pannoniam
1677 1994 1843 2034 Romani

48 2056 147 2093 haud
171 2059 291 2095 multo
317 2059 402 2108 post
426 2060 464 2095 in
486 2060 729 2108 Superiorem
744 2088 757 2108 ,
786 2060 826 2098 ὅ(
849 2060 1069 2101 inferiorem
1092 2061 1309 2110 secuissem,
1334 2062 1474 2099 abhinc
1494 2061 1693 2108 regionem
1719 2058 1843 2104 istam,

48 2117 192 2157 abolito
227 2122 474 2160 Desertorum
502 2123 713 2160 Boicorum
751 2123 937 2171 nomine,
969 2122 1044 2175 jam
1070 2137 1111 2163 ut
1140 2135 1284 2174 partem
1309 2122 1522 2173 Superioris
1549 2120 1751 2158 Pannoniae
1781 2121 1845 2156 ha-

48 2180 165 2219 bitam
197 2184 278 2222 esse.
308 2186 426 2235 Quod
457 2198 548 2224 vero
582 2186 675 2223 fines
702 2187 838 2222 horum
860 2186 1107 2225 Desertorum
1134 2187 1357 2225 concernit:
1392 2186 1430 2222 hi
1461 2195 1506 2221 ex
1533 2183 1683 2221 Austria
1713 2181 1801 2220 inde
1825 2194 1845 2218 a

50 2256 183 2282 monte
209 2246 321 2285 Cetio
342 2277 355 2295 ,
390 2248 634 2287 Vindobona:
666 2247 856 2295 finitimo,
895 2246 941 2283 ad
974 2247 1129 2285 fluvium
1157 2245 1388 2285 Arrabonem
1407 2275 1420 2295 ,
1451 2248 1573 2284 immo
1609 2246 1704 2284 ultra
1740 2248 1844 2284 hunc

48 2304 150 2343 forte
177 2307 290 2354 usque
318 2307 477 2348 Murum
508 2310 663 2348 fluvium
696 2322 763 2359 per
796 2310 994 2358 Hungariae
1029 2310 1222 2348 hodiernae
1259 2310 1501 2360 provincias,
1526 2300 1843 2360 Soproniensem,

50 2367 403 2421 Castriferrensem,
433 2386 476 2411 ac
510 2373 610 2412 forte
638 2373 890 2412 Saladiensem
921 2373 1218 2424 porrigebantur.
1246 2373 1426 2412 Ceterum
1458 2374 1550 2412 alter
1571 2375 1634 2411 hic
1660 2375 1844 2413 terminus

91 2528 121 2567 r)
148 2531 197 2558 De
220 2529 303 2568 Rep.
328 2528 432 2561 Galat.
458 2537 490 2569 p.
515 2506 565 2569 ¹7i3.
592 2530 624 2562 in
647 2532 729 2564 Not.
1474 2556 1477 2558 ·

95 2578 127 2617 ε)
151 2578 302 2622 B0›fi‚:ius
326 2584 397 2611 Dec
415 2619 420 2624 ³
436 2583 459 2612 1.
483 2583 561 2615 Rer.
585 2583 692 2626 Hung.
716 2584 771 2617 lib.
796 2586 822 2615 Ι.
847 2592 878 2625 p.
905 2591 954 2624 24.
981 2582 1152 2614 Ranzanus
1166 2580 1256 2624 Epit.
1278 2581 1356 2614 Rer.
1372 2581 1483 2623 Hung.
1507 2585 1587 2617 T.1.
1611 2584 1718 2625 script.
1735 2584 1845 2624 Hung.

55 2638 86 2670 p.
109 2638 180 2674 322.
205 2640 247 2663 ex
269 2632 345 2666 edit.
371 2633 607 2667 Schwantneri.

1412 2690 1494 2727 132
