2065 2927
216 145 265 186 50
810 137 1047 176 LIBRI
1127 138 1374 179 PRlMl

202 219 426 261 Sabinianus
456 220 713 272 Expraefefffls
754 221 836 260 Alae
871 222 1169 273 Contariorum,
1200 225 1239 263 &
1270 226 1444 264 Valerius
1471 230 1591 266 Vems
1622 231 1793 269 Decurio
1827 234 2000 273 Coloniae

202 284 372 322 Claudiae
406 284 588 332 Savariae,
620 283 802 333 idemque
830 285 1086 324 sacerdotalis
1122 288 1332 326 Provincia:
1360 293 1563 330 Pannonia:
1599 295 1813 344 Sup;·‹·i0ris
1849 299 2000 350 sumpzfi-

201 346 269 384 bus
301 347 373 384 suis
406 346 631 386 refecerunt.
663 346 727 385 Ad
749 344 1012 386 Sacerdotales
1040 350 1142 386 enim
1177 352 1386 399 pertinebat
1416 355 1530 394 edere
1561 356 1673 395 ludos
1703 360 1741 396 in
1775 361 1997 408 quibusdam

203 410 529 459 solemnitatlbus,
566 411 619 449 uti
650 410 797 449 constat
827 424 848 450 e
880 410 982 450 Cod.
1005 412 1158 451 Theod.
1186 413 1261 463 leg.
1290 415 1338 452 de
1369 415 1604 468 Sped'aculis.

377 531 469 573 Tab.
493 532 558 576 VI.
588 533 640 573 N.
666 547 698 574 1.
730 535 843 586 Lapis
879 536 1099 588 sepulcralis
1128 539 1167 576 in
1198 539 1425 578 DiversorIO
1456 544 1698 595 Episcopali‚
1733 560 1885 587 ornatus
1913 562 1991 587 ana-

202 595 368 651 glyphis.
395 598 484 636 Pars
511 598 683 649 superior
710 599 810 638 intra
846 600 1070 639 columellas
1106 604 1205 640 hanc
1234 604 1467 654 epigraphen
1504 607 1637 647 habet:

540 744 557 753 ·
583 744 598 752 -
625 724 660 762 E
712 723 938 764 MEMORI
1289 724 1469 779 Perpetuae
1493 727 1687 770 Memoriae

483 785 817 825 AVRELIAE
869 787 976 826 IVS

507 847 676 886 TINAE
702 849 834 887 ΑΝΝ.
861 849 943 888 XL.
1271 849 1460 892 Annorum
1490 852 1744 908 quadraginta

443 908 744 949 CONIVGI
796 911 1002 951 KARIS

478 971 647 1011 SIMAE
673 973 941 1013 AVRELIVS

435 1033 678 1074 GAIANVS
708 1037 780 1075 ET
808 1037 969 1077 GAIVS

394 1097 467 1135 ET
503 1096 755 1137 IVSTINVS
795 1098 898 1138 FILI
931 1100 1015 1139 MA

313 1157 404 1198 TRI
430 1158 810 1200 PIENTISSIMAE
847 1162 937 1201 VV.
971 1162 1014 1201 F.
1040 1161 1083 1201 F.
1274 1161 1360 1204 Vna·
1373 1162 1468 1215 fieri
1487 1167 1676 1218 fecerunt.

361 1282 404 1322 In
431 1295 537 1335 parte
565 1285 746 1324 inferiore
771 1285 909 1337 lapidis
936 1286 1125 1326 refiduum
1154 1287 1438 1339 inscriptionis:

447 1410 525 1511 El}
578 1471 722 1511 FILIA
786 1411 966 1512 VRIngiL

359 1594 631 1650 Anaglyphum
663 1595 819 1636 exhibet
849 1595 947 1634 duos
979 1597 1113 1646 genios
1148 1598 1275 1649 specie
1305 1599 1550 1648 migrantium
1580 1600 1620 1636 in
1650 1602 1859 1638 contrarias
1897 1613 1983 1649 par-

186 1670 263 1706 te3‚
292 1659 343 1696 fic
375 1671 499 1697 tamen
533 1670 572 1698 ut
603 1660 697 1699 alter
723 1660 828 1698 alteri
863 1672 1016 1698 manum
1050 1673 1217 1712 encarpo
1250 1663 1384 1700 reelarn
1413 1662 1607 1711 porrigat,
1641 1662 1822 1700 insidente
1852 1661 1978 1709 aquila

182 1722 352 1772 expansis
381 1722 462 1760 alis.

362 1844 453 1886 Tab.
478 1843 606 1885 eadem
634 1843 685 1884 N.
712 1859 745 1887 2.
781 1848 898 1886 Miles
932 1848 1130 1887 Romanus
1161 1846 1328 1896 galeatus
1358 1847 1396 1886 &
1426 1845 1598 1885 hastatus.

360 1967 458 2010 Ταῦ.
488 1967 575 2009 Vll,
602 1970 872 2021 Fragmentum
903 1971 1057 2023 Lapidis
1089 1973 1127 2011 in
1151 1970 1290 2024 gradus
1319 1971 1433 2022 seen,
1461 1972 1500 2009 in
1533 1984 1610 2020 quo
1639 1981 1769 2021 praeter
1795 1968 1866 2005 alia
1897 1969 1978 2008 lite-

182 2045 303 2072 rarum
332 2033 525 2074 exesarum
553 2034 709 2084 vestigia
734 2034 915 2085 superest:

621 2156 1050 2199 SEMITATRICIBV
1076 2177 1094 2187 -
1117 2177 1134 2188 ·
1159 2179 1174 2187 -
1202 2156 1446 2196 CLAVDIA
1477 2177 1492 2185 ·
1519 2174 1537 2185 ·

354 2281 446 2319 Deae
473 2277 720 2320 Semitatrices
751 2280 859 2319 diaae
890 2294 912 2319 a
933 2279 1098 2332 fimitis,
1127 2280 1262 2330 quibus
1293 2278 1548 2332 praefidebant.
1579 2278 1754 2317 Ufitatius
1784 2277 1973 2315 vocaban-

180 2351 238 2379 tur
267 2341 361 2390 Dii,
394 2344 562 2391 Deaeque
594 2342 813 2393 Semitales,
844 2345 896 2381 uti
921 2356 958 2381 et
983 2342 1227 2398 Compitales⁷
1255 2344 1295 2383 &
1324 2340 1474 2390 Viam,
1499 2342 1653 2389 colique
1676 2340 1846 2378 solebant
1867 2341 1972 2377 fimul

176 2413 219 2441 nt
244 2403 312 2442 Dii
345 2402 541 2454 Praestites,
572 2405 750 2454 urbisque
780 2405 982 2444 Custodes.

357 2525 450 2566 Tab.
478 2527 585 2569 VIII.
611 2530 713 2568 Bafis
741 2529 889 2580 lapidea
913 2531 952 2567 in
973 2528 1141 2579 Templo
1171 2528 1520 2566 Dominicanorum
1548 2525 1772 2563 Conventus
1804 2524 1841 2563 S.
1865 2525 1966 2562 Mar—

175 2589 242 2629 tini
278 2588 324 2626 ad
358 2590 548 2629 Sabariam
570 2619 584 2639 ‚
614 2592 653 2628 in
688 2590 794 2643 cujus
835 2605 909 2629 uno
941 2594 1056 2630 latere
1089 2592 1281 2641 exsculpta
1311 2591 1476 2628 cernitur
1501 2588 1665 2637 ampulla
1684 2616 1696 2635 ‚
1735 2589 1773 2624 in
1811 2587 1963 2632 altero,

178 2651 281 2700 quod
311 2652 419 2692 isthic
451 2666 530 2691 non
564 2664 741 2704 apparet,
780 2654 831 2693 est
864 2667 1016 2704 paoera3
1051 2655 1202 2692 tertium
1232 2653 1324 2692 latus
1355 2654 1453 2690 hanc
1480 2650 1593 2690 habet
1636 2651 1894 2701 epigraphen:
