2065 2927
167 94 189 131 g
783 77 1018 120 LIBRI
1095 75 1346 118 PRIMI

149 167 330 211 rabantia
354 168 458 221 julia
485 165 698 206 habitantur
711 165 782 213 f).
817 163 1025 203 Ptolemaeus
1052 162 1211 201 eandem
1242 165 1280 201 in
1317 163 1572 214 descriptione
1600 163 1804 202 Pannoniae
1835 164 1951 217 Supe-

155 236 266 273 rioris
302 235 397 271 inter
432 232 601 268 civitates
635 227 786 275 longius
824 239 845 263 a
879 227 1034 264 flumme
1067 225 1248 263 Danubio
1283 227 1420 276 positas
1462 237 1653 264 enumerat
1690 229 1766 263 hoc
1795 229 1949 266 modo:

152 294 245 332 Sala
273 324 279 330 .
311 324 317 331 .
347 323 355 330 .
383 291 566 330 Petovium
595 319 603 327 .
633 319 639 327 .
669 317 677 326 .
704 286 867 326 Savaria
889 287 947 338 g).
980 286 1217 325 Itinetarium
1241 289 1428 327 Antonini
1452 286 1648 326 Sabat-iam
1675 290 1714 325 in
1737 289 1846 326 variis
1877 302 1945 339 per

149 356 388 394 Pannoniam
423 351 619 391 itineribus
645 360 948 393 commemoratu
977 350 1016 385 in
1045 362 1092 387 eo
1125 361 1274 400 autern,
1305 353 1367 389 cui
1403 352 1552 389 titulus:
1585 349 1662 388 Iter
1685 348 1731 388 cle
1751 349 1946 390 Pannoniis

149 413 184 451 ἱη
217 413 362 452 Gallias
384 428 459 466 per
489 411 755 451 mediterranea
782 410 885 450 loca:
914 410 1006 459 idest
1038 426 1063 448 a
1093 411 1223 450 Sirmio
1240 424 1314 462 per
1332 414 1517 465 Sopianas
1546 411 1721 452 Treveros
1745 416 1876 465 usque?
1896 415 1949 453 ita

145 476 346 516 sabariam
368 479 470 515 locat
492 479 589 514 inter
603 475 781 522 Mursam
800 475 840 513 &
860 471 1115 513 Wndobonam
1129 503 1141 523 ,
1165 486 1204 511 ut
1224 473 1271 510 ab
1293 474 1356 511 illa
1368 476 1538 514 Millibus
1562 475 1727 526 passuum
1745 487 1914 514 CLxxxvl
1932 491 1943 522 ;

150 539 195 576 ab
221 541 292 576 hac
318 551 441 577 autem
466 541 521 578 Μ.
544 540 584 576 Ρ.
608 548 740 575 va111
775 548 857 572 eam
891 532 1060 583 sejungat
1089 530 1142 582 h).
1172 535 1341 572 Demum
1371 537 1510 574 vetusta
1531 538 1567 576 S.
1596 536 1740 593 Quirini
1762 539 1942 593 Martyris

146 599 248 638 Aeta
277 599 474 650 produnt,
504 597 703 637 sabariam
735 596 841 634 fuiffe
865 595 1016 633 cuidam
1046 595 1163 632 fluvio
1190 595 1314 636 Sibari
1335 596 1500 636 adfitam.

322 664 412 700 Haec
452 664 581 700 omnia
614 661 707 698 nulli
741 661 876 697 reffius
911 660 1002 697 loco
1026 686 1038 707 ,
1079 668 1122 694 ac
1159 657 1352 697 hodierna:
1380 658 1572 712 Sabariae,
1603 665 1719 716 vulgo
1755 666 1854 705 sfein
1886 680 1948 705 am

148 721 274 775 Anger
306 724 446 773 dietae,
489 724 693 761 convenire
731 723 781 759 fic
812 721 975 760 breviter
1012 720 1185 759 ostendo.
1220 720 1372 762 Primo:
1413 724 1706 765 Castriferrenfis
1744 730 1945 779 Hungariae

147 784 389 835 Comitatus,
421 788 458 823 in
493 799 570 835 quo
601 785 663 823 fita
697 785 751 823 est
780 787 859 822 haec
893 784 1036 822 Civitas
1059 812 1071 833 ,
1108 785 1258 832 attingit
1291 786 1454 839 Styriam
1477 815 1490 836 ,
1526 786 1564 824 id
1603 787 1654 826 est
1677 816 1689 838 ,
1727 791 1945 841 portionem

146 849 281 885 veteris
316 849 474 886 Norici:
512 848 635 886 eidem
663 847 865 895 contiguus
890 845 941 883 est
967 844 1231 894 Soproniensis
1259 845 1500 895 Comitatus,
1528 850 1621 887 intra
1648 863 1759 898 quem
1788 853 1827 891 &
1856 855 1944 892 Mo·

143 911 354 949 soniensem
388 923 546 958 quatuor
577 909 796 947 milliarium
827 904 1097 957 longitudine,
1127 921 1171 945 ac
1201 908 1363 947 duorum
1393 911 1587 948 latitudine
1624 913 1660 950 se
1697 913 1733 950 se
1771 913 1946 953 diffundit

151 974 253 1011 lacus
284 973 567 1022 Nisiderienfis,
601 973 666 1021 qui
697 970 906 1021 hungarico
935 969 1089 1018 quidem
1119 969 1304 1008 idiomate
1336 969 1444 1009 Fertb'
1465 999 1477 1020 ,
1518 973 1715 1010 teutonico
1749 972 1943 1021 Neustdler

143 1040 234 1084 See,
272 1047 308 1073 at
335 1036 452 1073 latino
483 1035 572 1072 inde
607 1048 627 1072 a
654 1035 774 1085 prima
800 1033 986 1071 memoria
1009 1030 1107 1081 Peifo
1144 1044 1312 1070 vocatur.
1341 1033 1471 1082 Itaque
1501 1034 1684 1073 hodierna
1713 1037 1865 1075 Sabaria
1895 1049 1942 1075 eo

144 1095 197 1133 est
227 1095 320 1144 situ,
357 1110 434 1145 quo
472 1096 735 1146 pertingebant
761 1093 950 1146 Bojorum
980 1094 1162 1142 Deserta,
1190 1094 1315 1133 Plinio
1343 1107 1550 1133 memorata
1572 1124 1585 1145 ,
1621 1096 1794 1146 adeoque
1830 1097 1942 1136 habet

142 1158 394 1195 charaeterem
429 1160 618 1207 primum,
646 1159 692 1195 ad
720 1156 986 1196 inveniendam
1021 1156 1202 1195 coloniam
1231 1156 1425 1195 Claudiam
1450 1156 1650 1196 „tabariam
1679 1171 1699 1194 a
1722 1159 1850 1197 Plinio
1878 1160 1935 1195 in·

146 1219 326 1257 dicatumi
355 1218 546 1260 secundo:
580 1224 672 1260 Non
700 1223 823 1259 minus
853 1234 997 1260 certum
1019 1219 1095 1268 est,
1126 1219 1452 1258 Castriferrensem
1477 1221 1676 1269 Hungariae
1696 1221 1937 1259 Provinciam

146 1281 212 1319 sub
235 1283 420 1319 Romanis
452 1295 596 1333 partem
623 1284 728 1323 fuiffe
758 1286 961 1323 Pannoniae
985 1283 1224 1331 Superioris,
1247 1282 1287 1321 ὃ(
1313 1279 1525 1320 hodiernam
1545 1281 1741 1322 sabariam
1768 1285 1821 1322 sat
1849 1297 1941 1334 pro·

146 1342 209 1378 cul
232 1355 252 1378 a
275 1342 481 1391 Danubio,
513 1344 617 1382 bidui
649 1347 790 1397 quippe
816 1348 976 1396 itinere,
994 1344 1127 1384 abesse.
1156 1344 1256 1382 Inest
1283 1358 1377 1393 ergo
1405 1345 1528 1383 eidem
1555 1348 1668 1385 etiam
1693 1349 1805 1386 altera
1829 1360 1934 1397 nota,

142 1415 215 1452 pro
238 1402 304 1439 fitu
328 1402 490 1441 civitatis
515 1402 674 1443 Savariae
700 1420 719 1443 a
740 1408 950 1446 Ptolemaeo
984 1405 1184 1452 adsignata.
1223 1401 1368 1442 Tertio:
1399 1404 1541 1456 Marsa
1571 1407 1665 1457 fuit,
1699 1422 1781 1457 quae
1817 1410 1935 1448 hodie

144 1466 374 1503 Eszekinum
406 1467 548 1513 audit3
587 1468 818 1507 Vindobona
859 1480 958 1506 nunc
988 1469 1094 1505 aliter
1130 1467 1275 1505 Vienna
1309 1465 1457 1503 dicitur.
1498 1468 1563 1505 Est
1597 1480 1720 1506 autem
1757 1469 1937 1507 hodierna

138 1526 302 1566 Sabaria
333 1529 428 1566 inter
460 1530 687 1567 Eszekinum
715 1531 754 1568 ὅ(
779 1533 966 1568 Viennam
997 1543 1043 1567 eo
1068 1528 1213 1576 pofitu,
1243 1538 1283 1563 ut
1308 1528 1496 1575 perviam
1523 1529 1648 1566 cursus
1675 1528 1818 1579 publici
1848 1529 1936 1566 inde

139 1602 197 1636 39.
228 1591 319 1626 hinc
349 1600 472 1627 autem
509 1602 555 1635 14
587 1592 833 1641 milliaribus,
868 1593 984 1639 vulgo
1007 1588 1238 1640 postalihus,
1268 1601 1517 1625 removeatur.
1543 1590 1664 1634 Atqui
1695 1602 1756 1634 39.
1780 1590 1937 1636 idgenus

137 1652 310 1689 milliaria
343 1665 454 1699 quarn
487 1654 663 1701 proxime
694 1652 922 1703 respondent
946 1652 1155 1701 priscorum
1185 1649 1449 1686 Romanorum
1484 1649 1704 1686 milliaribus
1733 1660 1932 1697 CLxxxv1‚

138 1715 178 1752 ἃ
212 1726 266 1757 14.
301 1714 469 1751 efficiunt
498 1715 559 1750 illa
592 1716 648 1753 M.
675 1717 715 1753 P.
745 1725 901 1762 va111,
938 1715 990 1750 uri
1023 1712 1210 1749 calculum
1245 1711 1412 1759 ineunti,
1444 1711 1631 1748 methodo
1660 1710 1746 1746 alibi
1780 1723 1800 1747 a
1824 1711 1934 1748 nobis

139 1776 377 1825 praescripta,
408 1776 561 1813 evidens
585 1776 647 1814 est.
680 1775 798 1823 Igitur
818 1776 983 1825 spectato
1009 1774 1119 1811 etiam
1145 1773 1333 1811 Antonini
1359 1772 1559 1810 Itinerario
1586 1771 1687 1808 idem
1713 1771 1822 1821 plane
1849 1772 1933 1809 situs

140 1838 192 1875 est
221 1838 377 1876 sabariae
401 1838 621 1886 hodiernae,
650 1850 689 1875 et
715 1838 886 1885 antiquae.
919 1838 1004 1874 Nec
1029 1836 1080 1873 est
1108 1846 1266 1887 quarto:
1293 1847 1358 1873 cur
1388 1835 1542 1875 fluvium
1570 1831 1725 1871 Sibarim
1749 1835 1932 1881 requiras,

133 1901 183 1937 ita
216 1901 315 1936 enim
348 1902 562 1948 antiquiore
588 1901 745 1937 nomine
777 1901 902 1949 potuit
924 1898 1094 1949 Gitfius,
1127 1901 1187 1936 cui
1217 1899 1340 1937 nostra
1370 1897 1531 1937 Sabaria
1559 1894 1728 1948 adjacet,
1759 1896 1932 1945 compel-

142 1963 221 1999 lari.
246 1962 368 2000 Habet
401 1975 494 2011 ergo
528 1965 609 1999 haec
641 1962 772 1998 civitas
803 1974 934 1999 omnes
965 1960 1114 2011 prorsus
1141 1972 1274 2008 notas,
1302 1960 1341 1999 ὅ(
1367 1960 1619 2006 ςὴειτειᾶεῑεε,
1650 1957 1784 2005 quibus
1815 1960 1929 2008 prisci

138 2024 324 2062 Auttores
359 2025 520 2072 antiquae
552 2024 711 2062 Sabariae
749 2025 853 2062 fitum
882 2024 1143 2063 determinant.
1174 2023 1364 2072 Accedit,
1399 2023 1502 2071 quod
1533 2021 1665 2060 eadem
1695 2019 1933 2058 luculentiffi-

138 2088 209 2123 mis
232 2089 414 2125 Rornanae
439 2088 600 2125 civitatis
631 2086 826 2125 ruderibus
854 2087 1015 2136 insistat,
1047 2086 1227 2134 quodque
1259 2088 1297 2123 in
1320 2086 1383 2123 illa
1407 2083 1523 2123 effoffi
1548 2082 1685 2120 fuerint
1711 2082 1929 2130 complures

137 2149 296 2198 Lapides
314 2179 325 2198 ,
361 2148 512 2187 Colonia
541 2147 697 2187 Claudia
726 2148 885 2187 Savaria
916 2151 1073 2187 nomine
1105 2150 1313 2199 conspicui.

311 2211 490 2260 Verum,
526 2213 650 2260 inquis
672 2241 683 2260 ,
717 2211 874 2249 addueta
914 2214 1091 2250 Veterum
1126 2211 1336 2249 testimonia
1370 2220 1446 2245 non
1484 2219 1616 2245 omnes
1652 2220 1756 2255 aeque
1795 2206 1929 2244 intelli-

140 2282 257 2318 gunt,
291 2271 353 2307 sed
386 2274 447 2309 alii
481 2275 586 2313 alite-r
613 2277 925 2325 interpretantur,
953 2277 1056 2325 iique
1081 2286 1159 2311 non
1188 2271 1402 2323 spernendae
1426 2272 1654 2308 austeritatis
1678 2270 1767 2307 viri:
1799 2281 1929 2315 quam-

140 2331 270 2368 obrem
306 2333 450 2371 necesse
484 2335 563 2384 est,
600 2348 640 2374 ut
670 2337 809 2385 lingula
845 2340 1127 2375 commentariis
1158 2336 1427 2388 prolixioribus
1463 2334 1712 2378 illustrentur,
1750 2330 1926 2378 aliudque

819 2425 1917 2445 ,κώμη-*Μ

174 2493 221 2531 f)
244 2493 320 2525 Hist.
346 2500 409 2525 nar.
433 2493 490 2525 lib.
519 2502 546 2534 ς,
571 2505 642 2536 φωρ.
668 2506 717 2538 24,

179 2545 215 2586 gf*
241 2547 361 2586 Geogr.
388 2546 442 2578 lib.
469 2556 498 2577 2.
523 2558 590 2588 cap.
623 2555 667 2589 ᾗῇ.

182 2599 214 2631 ὼ)
237 2598 376 2629 Itinerar.
408 2602 560 2629 Anwz-..w'
586 2609 711 2631 cic-³210
736 2602 863 2633 Ἰ’ὲζ«’τῖᾉ
890 2613 919 2631 π
966 2628 969 2630 .
1022 2613 1063 2641 ‘T'
1109 2605 1158 2635 Γπ

1679 2651 1874 2686 sentientes
