2065 2927
513 48 912 106 CONSPEC
932 48 1095 104 'I'US
1162 53 1487 110 OPERIS

112 193 1909 242 Q

618 313 879 362 LIBER
952 318 1395 369 SECUNDUS

338 430 423 483 De
459 429 590 511 Bolis
624 428 746 496 Agri
791 429 1060 494 Sabariensts
1095 407 1200 483 ame
1235 433 1456 487 Romanos
1492 435 1680 489 Colonis.

117 626 394 711 CAPUT
433 661 463 707 Ι.
508 662 582 708 De
614 661 757 719 primo
788 661 1005 719 Bojorum
1050 661 1093 708 in
1125 661 1393 709 Pannoniam
1426 664 1611 713 adventu
1654 670 1782 718 variae
1813 674 1906 720 Au-

288 740 458 786 &orum
493 738 725 787 sententiae.
758 741 894 787 Sexto
927 756 1027 787 ante
1058 740 1280 789 Christum
1313 741 1465 789 {arculo
1499 759 1522 789 e
1553 743 1700 810 Galliis
1744 751 1909 799 venisse

284 819 540 866 adseruntur
570 835 665 879 pag.
700 827 766 877 67.

113 897 247 946 CAP.
280 900 329 944 ΙΙ.
363 898 438 944 De
467 897 700 957 praecipuis
733 897 960 945 Gallorum
992 899 1319 946 Pannoniorum
1353 899 1728 958 expeditionibus:
1771 924 1818 953 ac
1848 907 1902 955 de

286 975 453 1035 origine
485 978 727 1023 Boicornm
760 976 800 1022 in
834 978 1058 1026 Pannonia
1090 978 1390 1026 Desertorum.
1421 995 1466 1037 p.
1499 994 1566 1037 70.

112 1055 247 1104 CAP.
279 1056 350 1102 111.
383 1057 457 1103 De
487 1055 611 1113 Bojis
641 1055 799 1104 Italicis
831 1056 885 1103 ad
915 1057 1067 1104 Istrum
1101 1056 1334 1117 profeffis‚
1365 1074 1416 1103 ac
1448 1058 1500 1104 de
1532 1058 1767 1107 vastatione
1802 1065 1905 1108 Pan-

282 1134 424 1182 noniae
465 1133 740 1196 Superioris,
783 1136 965 1196 agrique
1007 1134 1266 1184 Sabarienfis
1307 1151 1386 1195 per
1426 1139 1641 1195 Legatum
1686 1139 1739 1186 C.
1773 1140 1903 1187 Caffii

283 1212 494 1261 Consulis.
531 1231 573 1273 p.
605 1226 672 1274 75.

108 1282 243 1338 CAP.
276 1293 349 1339 IV.
383 1294 456 1340 De
487 1292 604 1340 clade
637 1293 802 1340 Dacica
833 1295 1075 1354 Boiorum,
1114 1292 1366 1355 horumque
1407 1294 1605 1343 Desertis
1647 1294 1690 1341 in
1722 1297 1900 1356 Moesm,

282 1370 486 1418 distinffis
519 1371 571 1418 ab
604 1370 780 1419 aliorum
822 1375 1038 1432 Boiorum
1084 1374 1282 1422 Desertis
1314 1374 1356 1420 in
1389 1374 1622 1422 Pannonia.
1655 1390 1750 1432 pag.
1784 1384 1849 1433 78.

106 1494 216 1502 ——

607 1623 899 1671 LIBER
971 1626 1385 1675 TERTIUS

224 1735 308 1788 De
330 1734 450 1798 statu
485 1732 756 1799 Pannoniae,
788 1737 1053 1805 Rerumque
1090 1736 1408 1799 Sabat-ienstum
1433 1736 1518 1799 sub
1560 1736 1776 1788 Romanis

364 1826 417 1876 ab
450 1840 558 1876 anno
583 1837 687 1879 ante
724 1826 825 1877 Chr.
868 1843 945 1893 34.
984 1830 1043 1879 ad
1071 1846 1229 1882 annum
1260 1830 1355 1896 post
1394 1829 1495 1883 Chr.
1527 1843 1634 1896 193.

109 2040 404 2125 CAPUT
435 2071 465 2117 I.
498 2067 574 2116 De
617 2070 939 2130 expugnatione
969 2072 1279 2122 Pannoniarum
1323 2089 1403 2134 per
1446 2072 1725 2122 Ofiavianum
1758 2076 1898 2125 Caesa-

279 2167 370 2198 rem
404 2148 678 2209 Augustum:
721 2148 775 2196 cle
816 2148 1163 2209 impopulatione
1208 2154 1496 2203 Desertorum
1537 2152 1801 2202 Boicorum:
1844 2156 1896 2202 de

280 2228 479 2276 Statione
510 2227 694 2277 Sabariae
727 2228 982 2277 constituta:
1024 2232 1078 2280 de
1109 2229 1196 2281 fine
1225 2231 1399 2292 Imperii
1433 2232 1640 2291 Augusti,
1685 2237 1722 2280 8<
1765 2233 1896 2280 initiis

281 2307 459 2355 Tiberii.
494 2325 533 2366 p.
568 2319 632 2362 εἰ,
1086 2298 1089 2301 ’

108 2391 243 2439 CAP.
274 2389 324 2435 11.
357 2390 430 2435 De
470 2383 708 2436 Sabarienfi
742 2387 891 2434 Ovidii
935 2389 1121 2436 Nasonis
1151 2388 1397 2450 Sepulcro3
1440 2409 1487 2439 ac
1529 2393 1583 2438 de
1623 2387 1753 2437 rebus
1783 2390 1896 2436 Pan·

280 2467 417 2514 noniae
449 2466 522 2516 sub
556 2464 763 2524 Tiberio,
794 2465 843 2516 &
876 2468 1078 2527 Caligula.
1109 2486 1149 2527 p.
1183 2474 1249 2524 86.
