2065 2927
139 70 166 111 6
733 67 972 108 LIBRI
1047 69 1296 110 PRIMI

139 167 215 205 que
240 156 405 195 Mathias
432 151 701 203 Korabinsky,
729 165 817 190 cum
846 154 885 190 in
912 154 978 190 suo
1004 154 1148 192 Lexico
1177 155 1331 205 scribit,
1358 156 1396 193 in
1420 157 1626 196 Sabarienfi
1641 159 1803 200 Civitate
1830 175 1939 199 com-

139 216 265 266 plures
295 214 442 253 Claudii
471 227 636 263 num03,
664 216 735 251 hac
763 215 1008 263 inscriptione
1035 215 1235 264 insignitos
1262 220 1419 268 reperiri
1440 219 1499 269 p).
1547 221 1791 270 figmentum
1832 235 1935 261 certe

139 278 173 315 is
202 280 350 315 Numus
379 278 455 326 est,
483 278 522 316 ὅ(
549 278 703 315 abortus
730 278 875 326 ingenii
906 275 1105 326 Goltziani.
1134 279 1167 315 E
1194 279 1278 333 solo
1308 280 1448 327 Golctji
1474 278 1658 331 'Iliesauro
1679 282 1748 320 Rei
1768 283 1936 334 antiqua·

138 341 196 378 riae
221 342 388 378 innotuit
414 338 635 389 Harduino,
659 340 840 388 cellario,
859 336 1071 383 Fraeliclzio,
1100 341 1341 389 caeterisque,
1380 355 1570 390 quotquot
1608 342 1688 395 ejus
1716 346 1933 382 meminere,

140 402 260 450 Atqui
289 402 389 438 nulla
415 402 511 441 fides
538 403 653 441 hodie
682 404 820 440 Numis
848 415 950 440 mere
979 398 1221 449 Goltzianis,
1249 415 1334 439 cum
1364 418 1507 442 certum
1534 403 1641 456 jam,
1683 407 1723 444 ὃ(
1763 408 1936 456 explora-

141 474 218 501 tum
247 463 315 512 sit,
343 464 563 501 innumeros
592 464 663 501 effe
692 466 843 502 Numos
870 478 890 502 a
918 461 1071 512 Golc-Qio
1099 474 1187 499 cum
1214 463 1254 499 in
1280 465 1361 501 aliis
1388 467 1608 516 Operibus,
1639 480 1716 504 tum
1746 468 1933 516 praecipue

141 526 180 562 in
208 525 420 576 supradifio
456 520 643 574 Thesauro
670 525 821 573 editos,
851 526 915 573 qui
943 526 1003 562 vel
1032 526 1219 571 recentius
1248 526 1426 575 conficti,
1454 531 1540 578 vel,
1576 530 1603 566 fi
1639 543 1724 568 vere
1763 531 1933 578 antiqui,

138 589 184 625 ab
211 588 293 638 ipso
322 599 445 626 tamen
476 587 632 636 turpiter
660 586 831 635 corrupti
858 585 986 632 fuere,
1015 590 1150 626 adficta
1176 590 1312 627 iisdem
1329 619 1342 639 ,
1386 592 1411 628 fi
1438 596 1682 645 anepigraphi
1711 606 1838 641 erant,
1874 607 1936 631 aut

140 652 272 689 litteris
301 651 447 698 exefis,
477 662 549 697 qua
575 648 684 685 libuit
712 646 853 694 Vrbis,
879 646 1093 696 Populique
1121 652 1371 701 inscriptione
1400 654 1456 704 q)

310 715 404 752 Non
434 713 604 751 obstante
631 712 747 759 igitur
773 711 850 747 hoc
878 709 1067 759 sublestae,
1106 712 1228 748 immo
1266 714 1402 761 nullius
1440 729 1516 763 jam
1552 716 1641 753 fidei
1668 720 1932 768 Numismate,

138 780 177 815 in
204 777 381 814 sententia
407 787 567 821 maneo,
596 771 945 822 primigeniumque
973 768 1136 808 Sabaria
1163 784 1305 809 nomen
1333 775 1437 814 fuiffe
1466 774 1661 815 Savariam
1688 780 1860 818 adfirmo.
1888 781 1930 818 In

139 842 245 880 Actis
273 840 351 878 divi
368 837 510 895 Quirini
530 837 733 891 Martyris,
764 835 949 886 Episcopi
966 834 1148 882 Sisciani,
1178 835 1311 872 fluvius
1339 836 1537 876 Sabariam
1566 842 1756 879 civitatem
1787 856 1934 894 praeter—

136 904 264 943 labens
292 913 448 940 vocatur
473 897 615 937 Sibaris
641 897 692 944 r).
721 897 830 935 Unde
858 909 936 934 non
964 909 1056 934 vana
1084 896 1300 949 conjec'tura
1327 899 1403 948 est,
1431 901 1542 938 istum
1571 916 1724 952 quoque
1746 908 1932 954 antiquius

138 968 278 1004 dietum
307 964 412 1002 fuisse
439 962 663 1006 Savariam3
693 962 881 1011 praecipue
909 973 996 998 cum
1025 961 1199 1011 constet,
1236 965 1313 1000 hoc
1342 965 1497 1002 nomine
1535 967 1647 1003 etiam
1688 968 1782 1004 alios
1822 980 1935 1015 quos-

138 1032 224 1067 dam
254 1027 454 1066 Pannoniae
483 1023 698 1074 Superioris
726 1035 855 1060 amnes
882 1022 987 1059 fuisse
1015 1035 1261 1075 nuncupatos.
1298 1023 1527 1076 Hujusmodi
1565 1027 1618 1064 est
1655 1026 1799 1067 Murus
1823 1057 1836 1077 ,
1873 1029 1933 1066 seu

138 1093 264 1131 Mwa
291 1091 450 1138 fluvius,
478 1088 555 1135 *qui
595 1098 615 1122 e
654 1086 779 1140 Styria
814 1085 854 1121 in
882 1085 1112 1132 Hungariam
1150 1087 1308 1136 labitur,
1347 1088 1556 1134 Dravoque
1592 1087 1639 1123 ad
1680 1089 1934 1137 Legradinum

139 1153 361 1205 (veteribus
391 1146 675 1197 Garrodunum)
717 1148 917 1196 miscetur,
955 1145 1145 1188 Ptolemaeo
1184 1162 1263 1187 non
1290 1149 1397 1187 aliter
1437 1161 1548 1196 quarn
1576 1145 1735 1186 Savaria
1762 1150 1933 1186 nomina-

140 1230 195 1254 :us
224 1216 273 1263 s).
315 1214 370 1252 Ita
410 1214 447 1249 in
488 1211 685 1249 Carniolia
723 1223 877 1258 quoque
919 1209 1065 1260 (parte
1094 1212 1287 1259 quondam
1315 1213 1517 1251 Pannoniae
1546 1211 1798 1261 Superioris)
1834 1213 1933 1248 rivus

138 1279 291 1328 quidam
321 1275 513 1314 hodierno
542 1272 701 1310 nomine
728 1270 848 1318 Sora,
877 1283 995 1319 germ.
1026 1270 1173 1324 quer,
1209 1275 1248 1312 in
1276 1274 1487 1324 diplomate
1514 1273 1757 1323 Imperatoris
1785 1270 1934 1309 ottonis

136 1340 208 1377 Ill.
226 1369 238 1388 ,
268 1351 368 1375 anno
399 1337 540 1374 Christi
568 1347 652 1383 993.
680 1334 727 1371 ad
755 1333 907 1372 Henrici
933 1331 1202 1383 Bojoariorum
1233 1337 1273 1375 δέ
1301 1337 1600 1374 carantanorum
1628 1336 1751 1373 Ducis
1781 1336 1931 1385 petitio·

137 1417 225 1440 nem
252 1402 369 1449 dato,
399 1399 521 1436 adhuc
553 1395 712 1445 Zaura,
741 1396 781 1434 &
810 1393 978 1432 Zavaria
1007 1395 1331 1443 (luculentiffimis
1358 1396 1518 1436 savaria
1544 1396 1712 1444 vestigiis
1740 1407 1930 1444 nuncupa-

138 1478 195 1505 tur
222 1465 253 1511 t)
281 1461 429 1511 Lazius
457 1460 612 1509 quidem
641 1465 808 1497 Saanam
835 1470 989 1506 quoque
1018 1455 1260 1508 Cillejensem
1279 1487 1291 1507 ,
1332 1472 1376 1496 ac
1414 1459 1564 1497 tandem
1603 1459 1760 1495 cunetos
1787 1460 1930 1496 Panno·

136 1530 206 1565 niae
236 1526 449 1577 Superioris
478 1523 614 1560 fluvios
643 1522 842 1565 minores,
870 1520 1067 1555 communi
1097 1521 1253 1557 nomine
1281 1520 1461 1557 Savarias
1484 1547 1496 1568 ,
1534 1532 1602 1558 ceu
1639 1533 1777 1571 parvos
1818 1532 1931 1568 quos·

135 1591 222 1627 dam
253 1594 371 1625 Savos
399 1582 703 1621 comminiscitur
729 1579 835 1618 fuisse
864 1578 986 1616 dictos
1013 1581 1084 1626 u);
1118 1581 1180 1619 sed
1218 1594 1478 1618 commentum
1507 1583 1630 1627 istud,
1672 1584 1842 1626 quamvis
1871 1580 1927 1616 In-

137 1648 304 1699 chtffero
328 1648 367 1686 &
390 1645 558 1684 Gabrieli
574 1639 814 1689 Szerdalzeliu
831 1641 993 1677 arriserit
1010 1641 1083 1689 x),
1111 1641 1156 1677 ab
1170 1642 1251 1678 aliis
1280 1642 1418 1679 merito
1445 1639 1626 1692 rejicitur.
1654 1639 1864 1678 Ptolemaeus
1890 1641 1926 1677 ὅ(

137 1724 289 1762 gentem
317 1708 475 1748 charos
507 1718 683 1744 vocatam
715 1714 1021 1751 commemorat,
1053 1703 1116 1740 sed
1145 1704 1280 1754 procul
1311 1705 1401 1741 hinc
1436 1704 1531 1740 inter
1553 1702 1718 1752 populos
1739 1702 1929 1738 Sarmatiae

137 1779 333 1826 Europaeae
361 1771 459 1810 haud
486 1771 601 1818 longe
631 1781 651 1805 a
680 1766 872 1804 montibus
901 1766 1070 1815 Riphaeis
1103 1764 1333 1802 habitantem
1355 1763 1424 1812 y).
1454 1765 1601 1801 Horum
1631 1762 1791 1813 proinde
1815 1768 1929 1800 Sava·

137 1852 262 1879 rorum
292 1834 462 1887 Majores
492 1835 530 1870 in
559 1832 764 1882 Superiore
796 1830 992 1868 Pannonia
1030 1826 1222 1875 quondam
1255 1826 1457 1874 habitasse,
1487 1826 1688 1875 pulsosque
1713 1838 1732 1861 a
1756 1827 1928 1874 superve-

136 1899 324 1940 nientibus
351 1895 458 1949 Bojis
495 1896 532 1932 in
562 1894 782 1933 Sarmatiam
809 1889 1097 1940 commigrasse,
1130 1888 1304 1939 suspicari
1331 1887 1486 1936 quidem
1528 1887 1579 1924 ob
1610 1899 1749 1925 nomen
1774 1886 1930 1924 bavaria

139 1962 312 2009 civitati,
349 1960 390 1999 ὅ(
420 1958 613 1996 nonnullis
638 1956 761 1994 fluviis
781 1956 986 1993 Pannoniae
1008 1951 1103 1991 olim
1141 1963 1374 1999 commune,
1404 1948 1562 1997 licebit,
1591 1960 1670 1984 non
1701 1948 1793 1984 item
1817 1947 1928 1983 adfir-

174 2137 211 2178 ρ)
237 2131 506 2176 Geographisch
494 2130 545 2162 —ih
551 2128 716 2163 storisehes
739 2126 804 2159 und
826 2124 1205 2159 Produkten·1.exikon
1228 2125 1267 2154 V.
1291 2121 1341 2152 S‘te
1345 2120 1372 2152 ἐκ
1394 2131 1438 2152 am
1462 2120 1555 2163 Argi*

181 2187 222 2227 q)
244 2186 319 2218 vid
343 2183 472 2217 Eckhel
495 2182 671 2224 specimen
694 2180 783 2212 Artis
807 2180 927 2211 criticae
950 2178 1110 2211 Numariae
1132 2176 1225 2210 Praef.
1250 2184 1283 2218 p.
1309 2183 1359 2207 xx.

180 2238 212 2277 r)
235 2236 387 2268 Bollandi
408 2234 490 2268 Aeta
514 2234 573 2267 SS
595 2235 640 2265 Τ
661 2234 688 2265 Ι.
707 2232 797 2272 Junii
819 2231 858 2264 ad
881 2231 965 2263 diem
989 2241 1020 2274 4.

182 2289 214 2327 s)
238 2288 361 2327 Geogr.
383 2286 442 2317 lib.
465 2295 495 2317 2.
520 2293 591 2325 cap.
618 2286 667 2316 16.

180 2342 210 2380 t)
234 2340 334 2381 Apud
356 2338 566 2372 Sch'dnleben
588 2340 626 2371 P.
649 2340 694 2371 11.
716 2337 836 2370 Annal.
860 2337 1002 2372 cirniol,
1024 2344 1058 2377 p.
1071 2338 1141 2376 528.
1167 2334 1364 2376 Diplomatis
1386 2331 1485 2364 verba
1509 2334 1596 2365 sunt:
1620 2333 1719 2365 Zama
1734 2331 1814 2371 faci:
1836 2332 1923 2369 asima·

140 2393 169 2424 2⁶„
192 2392 303 2424 Zavam
327 2417 335 2425 .
360 2415 368 2423 .
393 2416 402 2424 .
427 2390 583 2433 &jaath
606 2390 670 2432 ripa
692 2388 830 2420 Zavarioe
852 2400 936 2430 usque
958 2388 997 2420 ad
1016 2388 1136 2426 vadunt,
1163 2388 1235 2429 quod
1252 2388 1335 2433 vnlgo
1357 2387 1544 2428 Strefhnbrod
1563 2394 1695 2418 vocatur.

183 2446 214 2485 u)
237 2444 312 2476 Lib.
339 2450 387 2476 12.
412 2443 452 2473 de
477 2447 556 2482 Rep.
580 2443 677 2474 Rom.
701 2441 776 2474 sech
799 2449 829 2483 3.
861 2450 931 2482 cap.
955 2450 985 2474 2.

183 2498 218 2537 x)
243 2496 381 2537 Inchofflvr
402 2498 444 2528 T.
458 2495 481 2528 I.
505 2496 627 2526 Annal.
654 2496 744 2527 Eccl.
771 2496 876 2537 flung.
901 2496 932 2528 in
947 2497 1125 2538 Prolegom.
1150 2495 1248 2530 Gabr.
1271 2495 1442 2538 Scerdahely
1465 2492 1643 2526 Celebrium
1665 2494 1770 2531 Hung.
1794 2488 1924 2520 Urbim

142 2549 367 2589 chorograph.
391 2550 427 2579 P.
452 2554 476 2581 Ι.
502 2558 533 2589 p.
557 2557 597 2578 m.
621 2550 672 2589 46.

177 2601 219 2642 y]
245 2602 366 2641 Geogr.
391 2599 443 2634 lib.
472 2609 501 2643 3.
525 2609 595 2642 cap.
620 2607 650 2641 5.
