2065 2927
171 105 193 131 2
622 88 627 91 ’
790 91 1030 132 LIBRI
1115 94 1362 134 PRIMI

168 175 335 226 δάν-νόν,
370 174 487 215 tribus
514 178 604 214 hinc
635 176 856 214 milliaribus
877 180 1035 217 horariis
1053 182 1093 217 in
1114 191 1238 216 ortum
1256 180 1419 217 aestivum
1438 178 1643 226 receden53
1672 179 1825 221 Perentlz
1842 194 1964 223 autem

169 236 272 290 juxta
308 251 447 289 pagum
474 235 642 289 Pnspbki
664 238 862 276 meridiem
892 242 1040 289 versus,
1067 241 1130 279 sed
1164 240 1308 292 junstus
1336 256 1438 281 antea
1469 245 1551 280 rivo
1577 241 1724 291 sarak,
1763 245 1804 283 ὅ(
1833 245 1964 282 amiffo

167 313 297 350 priore
318 311 488 338 nomine·

339 359 444 398 Intra
478 359 643 409 urbem,
681 372 789 398 antea
824 374 934 400 muro
954 392 967 412 ,
1002 376 1109 402 nunc
1145 367 1337 414 parietinis
1371 369 1565 417 cineflam,
1612 369 1963 408 commemorandae

165 424 321 462 veniunt
349 423 447 461 binae
471 423 618 471 Armes,
652 425 693 459 in
736 424 852 472 plano
895 425 1048 475 positae3
1089 429 1269 466 vetustior
1305 431 1438 480 altera,
1470 433 1738 474 Jaurinenfium
1770 434 1962 482 quondam

164 486 365 526 Praesulum
391 485 687 533 diverticulum,
714 487 815 524 vallo
843 487 1021 537 foffisque
1045 492 1139 529 olim
1166 495 1401 531 communita
1419 523 1430 543 ,
1466 495 1582 534 hodie
1612 496 1776 543 undique
1810 498 1961 546 pervia,

162 547 206 586 ὅ(
228 546 332 585 brevi
356 547 394 583 in
410 544 525 583 rudus
540 545 705 592 abitura3
729 549 843 587 altera
861 563 981 600 nova,
1002 564 1119 601 opere
1142 554 1350 604 magnifico
1367 554 1516 604 struch,
1543 555 1962 607 EpiscopiSabarienfis

161 610 345 647 Palatium
374 620 418 645 ac
438 607 665 646 Refidentia.
693 609 797 648 Inter
837 612 926 648 alias
953 605 1057 650 'aedes
1086 616 1258 664 publicas
1279 643 1293 664 .‚
1334 616 1545 666 Episcopio
1577 620 1721 656 vicinas
1739 646 1752 665 ,
1796 619 1963 655 eminent

161 670 320 717 Turris,
349 668 389 707 &
416 668 653 706 cathedralis
678 670 873 718 Ecclesia,
903 673 1076 711 Vifitanti
1101 677 1145 713 B.
1161 677 1216 713 M.
1234 676 1282 713 V.
1298 676 1412 713 Sacra
1431 705 1443 724 .,
1473 678 1723 716 Seminarium
1744 681 1836 717 item
1855 679 1960 716 Cleri

159 729 345 782 junioris,
367 730 408 768 &
430 729 691 780 amplitudinis
718 729 818 767 haud
843 731 1008 769 modicae
1033 733 1210 782 Domus,
1239 736 1278 772 in
1301 748 1372 784 qua
1393 737 1606 774 Provinciae
1630 741 1780 787 negotia
1804 739 1961 776 trastan-

160 804 219 830 tur
238 819 252 840 ‚
287 792 405 841 vulgo
434 790 687 838 Comitatetfis
718 791 827 829 di8ta.
855 794 1024 843 Longius
1046 795 1137 832 hinc
1163 795 1308 833 recedit
1333 796 1566 834 Coenobium
1592 800 1662 837 PP.
1689 801 1962 838 Franciscano·

157 868 242 895 rum
258 866 346 892 cum
365 854 533 904 Templo
557 866 601 890 ac
625 855 740 903 turri,
758 857 952 904 hortoque
972 867 1218 906 peramoeno,
1238 856 1278 892 in
1296 858 1379 906 ripa
1396 859 1516 895 Ginfii
1539 860 1714 908 positum.
1743 864 1960 903 Sabariense

158 928 277 967 porro
297 914 559 953 Suburbanum
576 914 746 954 efficiunt
763 915 840 954 duo
858 919 967 966 pagi:
992 921 1132 956 horum
1155 919 1247 956 alter
1270 911 1297 956 0'
1310 940 1319 946 ·
1332 918 1488 958 Perentlz
1503 951 1514 967 ‚
1542 924 1602 960 seu
1625 938 1666 962 ve
1686 939 1729 963 us
1751 925 1963 966 Perentlzum

159 993 181 1017 a
204 979 445 1028 cognomine
466 979 566 1026 rim,
593 978 686 1016 alter
706 990 804 1016 trans
828 980 983 1018 fluvium
998 980 1169 1020 Ginfium
1183 993 1313 1032 pagus
1331 980 1451 1019 ιςαηᾶἰ
1469 982 1635 1021 Martini
1653 999 1832 1036 vocatur,
1854 1001 1963 1026 orna·

157 1053 216 1081 tus
232 1039 490 1088 Monasterio‚
519 1041 765 1091 Temploque
782 1042 955 1081 Fratrum
972 1044 1270 1084 Praedicatorum
1291 1060 1311 1083 e
1334 1045 1476 1082 familia
1496 1046 1574 1084 divi
1595 1049 1807 1086 Dominici.
1835 1052 1960 1100 Prope

156 1106 211 1145 est
232 1116 391 1157 puteus,
415 1116 462 1143 ex
488 1116 566 1152 quo
595 1105 728 1154 vulgus
746 1106 898 1145 haustos
922 1107 1045 1146 credit
1062 1110 1192 1147 latices
1217 1108 1262 1145 ad
1283 1108 1507 1157 abluendum
1532 1110 1602 1147 ritu
1630 1111 1832 1149 christiano
1854 1113 1960 1149 Mar·

155 1172 312 1219 tinum,
346 1170 411 1208 hic
445 1169 524 1207 loci
552 1179 702 1217 natum,
739 1170 1016 1208 Turonenfium
1047 1172 1178 1224 postea
1207 1172 1429 1220 Praesulem,
1465 1171 1693 1220 sanffiraris,
1731 1173 1769 1211 ἃς
1799 1174 1960 1210 miracu·

154 1233 283 1272 lorum
313 1230 413 1270 fama
435 1232 552 1281 longe
580 1230 884 1270 celeberrimum.

329 1295 588 1334 Teutonicum
625 1293 785 1332 Sabariae
826 1307 969 1334 nomen
1003 1292 1099 1335 Stein
1134 1309 1197 1334 am
1225 1292 1372 1348 Anger,
1409 1294 1514 1346 quod
1551 1293 1739 1347 Lapidem
1772 1294 1807 1335 in
1842 1294 1961 1336 Prata

153 1355 360 1406 fignificat,
388 1355 597 1394 Heinfizius
618 1369 638 1393 a
662 1357 847 1395 Saxorum
870 1359 1062 1407 reliquiis,
1085 1359 1218 1396 Lazius
1241 1372 1262 1395 a
1282 1359 1503 1407 fragmentis
1526 1360 1732 1408 ingentium
1759 1361 1961 1397 columna·

154 1430 363 1466 rum,‚quae
382 1417 493 1455 isthic
510 1420 716 1457 etiamnum
737 1433 814 1458 non
836 1421 911 1458 fine
934 1421 1184 1460 admiratione
1208 1423 1440 1471 spestantur‘,
1465 1421 1678 1471 pr0fe6lum
1706 1420 1809 1458 fuiss'e
1836 1420 1960 1458 existi-

155 1491 261 1518 mant
277 1479 334 1529 a).
354 1479 437 1531 Ipse
465 1480 628 1519 arbitror
649 1483 746 1519 hanc
769 1481 1065 1533 adpellationem
1094 1481 1235 1519 fluxisse
1261 1482 1307 1519 ab
1329 1482 1432 1519 Arce
1454 1484 1594 1530 veteri,
1623 1480 1729 1531 cujus
1752 1483 1858 1532 supra
1881 1494 1953 1518 me·

154 1544 276 1593 mini,
302 1556 323 1580 a
345 1544 546 1582 Germanis
570 1545 608 1580 in
642 1544 753 1591 foro,
781 1544 1014 1591 graminibus
1046 1545 1250 1593 herbisque
1273 1544 1422 1592 obfito,
1451 1557 1496 1582 ex
1524 1544 1648 1594 lapide
1679 1545 1821 1582 strusta.
1877 1544 1958 1582 Ob-

152 1607 261 1645 servo
282 1608 383 1645 enim
409 1607 448 1643 in
469 1607 596 1643 multis
621 1606 718 1643 locis
733 1636 745 1654 ‚
776 1619 857 1654 quae
878 1606 937 1642 vel
960 1606 1180 1654 simpliciter
1199 1605 1320 1652 Stein,
1347 1608 1407 1643 vel
1433 1608 1650 1654 composito
1673 1608 1802 1652 aliquo
1822 1621 1842 1644 e
1861 1606 1957 1643 Stein

153 1669 344 1708 vocabulo
367 1669 627 1719 appellantur,
655 1668 776 1708 adeffe
802 1670 982 1708 vetustam
1008 1667 1224 1716 quampiam
1251 1678 1400 1716 arcem,
1425 1679 1486 1705 aut
1507 1679 1609 1705 certe
1631 1669 1727 1704 arcis
1755 1667 1807 1704 ibi
1832 1679 1955 1715 quon·
1977 1685 1981 1688 ⁴

154 1729 242 1768 dam
271 1728 400 1780 pofitae
428 1730 594 1779 vestigia.
625 1733 746 1770 Porro
774 1745 915 1770 nomen
940 1730 1034 1770 Stein
1066 1742 1129 1767 am
1159 1727 1284 1780 Anger
1306 1741 1382 1767 non
1407 1728 1478 1767 esse
1511 1741 1669 1776 recens,
1705 1741 1870 1777 nuperve
1898 1729 1956 1764 in-

155 1804 334 1841 ventum,
371 1793 495 1841 arguit
521 1793 598 1843 ipsa
626 1806 702 1831 vox
734 1791 882 1847 Anger,
910 1794 1009 1844 apud
1039 1794 1253 1831 Germanos
1280 1792 1479 1840 Hungariae
1512 1792 1719 1838 inquilinos
1747 1803 1850 1840 paene
1878 1789 1952 1840 jam
1997 1791 1999 1795 '

156 1854 336 1893 obsoleta.
372 1855 490 1905 Apud
521 1866 665 1894 veteres
702 1868 774 1905 pro
806 1855 1056 1905 fignificando
1089 1851 1205 1891 Praxo
1239 1855 1381 1903 pascuo
1422 1852 1629 1890 adhibitam
1667 1852 1771 1891 fuisse
1792 1882 1804 1902 ‚
1848 1865 1953 1891 notat

155 1916 325 1971 Adelung
349 1931 394 1957 ex
421 1921 577 1967 antiquo
606 1920 797 1967 carmine,
826 1919 873 1955 de
905 1920 1043 1970 praeliis
1070 1916 1200 1956 Caroli
1228 1918 1361 1966 Magni
1386 1918 1642 1963 concinnato,
1671 1915 1711 1954 ὃ(
1739 1928 1806 1965 per
1830 1916 1952 1954 Schil—

157 1995 278 2021 terum
304 1984 459 2032 vulgato
484 1982 539 2032 b).
568 1982 612 2020 In
641 1982 803 2020 secunda
828 1982 998 2020 Periodo
1022 1983 1172 2030 Regum
1204 1982 1404 2029 Hungariae
1425 1977 1622 2017 Sabariam
1648 1977 1847 2014 Germanis
1876 1972 1951 2023 jam

154 2045 358 2094 vulgariter
384 2043 481 2082 Stein
511 2056 574 2081 am
604 2041 730 2095 Anger
750 2042 821 2081 effe
845 2055 1120 2093 nuncupatam,
1145 2055 1288 2081 certum
1311 2042 1363 2079 est
1390 2056 1410 2080 e
1433 2039 1586 2078 Tabulis
1606 2035 1837 2075 Concordia:
1855 2035 1951 2072 inter

154 2107 251 2157 Imp.
273 2106 512 2146 fridericum
528 2105 597 2144 III.
619 2105 658 2144 ὅ(
676 2105 979 2143 Maximilianum
1006 2107 1155 2154 Regem
1181 2107 1444 2144 Romanorum
1466 2114 1510 2139 ex
1527 2113 1617 2149 una,
1644 2101 1685 2139 &
1703 2098 1950 2138 Wladislaum

156 2170 356 2219 Hungariae
376 2168 648 2216 Bohemiaeque
671 2168 818 2215 Regem
840 2167 954 2204 altera
977 2179 1023 2205 ex
1051 2180 1155 2218 parte
1182 2181 1280 2206 anno
1307 2179 1411 2214 1491.
1437 2165 1585 2202 sancitae
1605 2164 1655 2210 c).

328 2232 391 2270 De
419 2232 639 2281 Hungarico
667 2231 828 2269 Sabariae
852 2233 1009 2270 nomine
1036 2227 1324 2281 Szombatlzely,
1353 2228 1458 2277 quod
1487 2229 1599 2265 latine
1632 2225 1822 2263 redditum
1850 2225 1948 2262 valet

154 2292 312 2333 Sabbati
343 2292 490 2343 locum,
518 2295 643 2344 plures
675 2306 880 2332 occurrunt
913 2291 1139 2343 conjeeturae
1159 2323 1172 2343 ,
1202 2306 1359 2341 quarum
1382 2292 1604 2337 nonnullas,
1625 2289 1689 2328 etfi
1711 2299 1863 2338 parum,
1888 2297 1952 2322 aut

200 2463 242 2502 a)
271 2462 385 2494 Lazfus
409 2461 483 2494 Lib.
504 2471 553 2495 12.
575 2462 616 2494 de
639 2467 718 2505 Rep.
741 2464 841 2495 Rom.
865 2463 951 2497 Se&
975 2472 1003 2507 3.
1028 2463 1110 2504 Cap.
1132 2471 1161 2494 2.
1192 2458 1373 2493 Heiufizius
1393 2463 1433 2494 T.
1454 2468 1480 2492 1.
1504 2457 1683 2490 Germaniae
1704 2455 1808 2486 Sacrae
1827 2465 1857 2497 p.
1879 2462 1929 2497 39·

201 2516 242 2556 b)
264 2516 394 2551 Adelune
418 2515 641 2548 Wijrterbuch
663 2520 702 2550 V.
727 2517 832 2561 Anger.

200 2567 239 2607 c)
267 2567 342 2599 Vid.
367 2566 522 2599 Dsmmntsi
542 2567 650 2608 Corps
675 2567 908 2609 diplornfitique
937 2572 974 2602 T.
995 2572 1054 2605 111.
1088 2570 1121 2604 P.
1142 2571 1184 2604 11.
1207 2578 1227 2610 p
1262 2570 1333 2610 263.
1365 2568 1395 2600 &
1419 2568 1484 2607 seq.
1521 2564 1567 2595 Et
1599 2559 1680 2602 apud
1713 2559 1813 2590 Kalas-
1836 2558 1866 2589 in
1889 2559 1951 2589 Au-

162 2618 263 2652 &ario
285 2619 495 2662 diplomatico
517 2621 556 2654 ad
576 2621 678 2655 Vrsini
696 2624 784 2656 Velii
800 2623 866 2657 hist.
893 2625 933 2657 de
959 2625 1049 2658 bello
1069 2624 1170 2657 Pana.
1198 2632 1231 2665 p.
1256 2628 1328 2665 235-
