2065 2927
171 104 221 155 ff
790 91 1029 132 LIBRI
1107 89 1361 130 PRIMI

184 188 342 240 ,Curta
363 185 511 225 vicinia:
546 177 788 231 Bastetani,
817 178 858 216 &
889 179 1063 229 planiciei
1084 174 1228 216 ibidem
1250 178 1364 215 fertili
1385 177 1610 214 conveniret
1628 204 1658 225 „
1679 176 1738 228 g)
1761 177 1844 228 Ipse
1866 189 1960 217 ver·

169 252 218 289 fic
251 250 446 288 existimo:
480 244 659 293 quoniam
688 242 785 279 inter
816 239 1031 288 Alie-anum,
1061 241 1101 279 &
1132 238 1367 279 Poetovionem
1400 240 1514 288 longe
1546 237 1668 290 major
1696 239 1866 278 distantia
1895 253 1963 291 po-

168 314 292 361 nitur,
326 323 438 359 quam
473 308 516 345 fit
550 307 645 343 inter
674 303 989 355 Racospurgum,
1023 302 1063 340 ὅ(
1098 298 1305 352 Fetovium,
1333 303 1483 340 idcirco
1517 303 1616 340 viam
1645 304 1858 340 Romanam
1897 305 1965 340 mi-

169 377 340 422 litarem,
374 385 454 420 quae
482 372 521 407 in
552 368 722 419 praesemi
760 367 894 404 itinere
926 364 1149 402 describitur
1171 392 1183 413 ,
1217 377 1293 402 non
1330 367 1427 404 τεξὶει
1448 394 1458 414 ‚
1488 365 1551 402 sed
1585 366 1744 404 circuitu
1779 379 1845 416 per
1874 367 1963 403 Cur-

171 447 249 475 ram
280 435 402 483 fa&o,
435 432 587 470 duxiffe.
620 431 814 479 Scriptum
842 441 935 467 vero
969 427 1042 466 est:
1075 427 1192 465 Curta
1226 426 1262 464 in
1292 427 1432 466 medio:
1468 440 1573 477 tum,
1600 440 1639 466 ut
1663 431 1759 465 hanc
1791 428 1967 466 mediter-

176 512 324 538 raneam
356 498 507 535 Curtam
538 495 583 532 ab
611 495 754 540 altera,
800 505 913 540 quam
954 492 1181 529 Ptolemaeus
1216 491 1252 526 in
1279 491 1359 538 ripa
1396 491 1562 529 Danubii
1594 492 1756 541 primam
1788 493 1885 530 inter
1912 493 1966 528 ci-

170 564 301 600 vitates
336 559 539 599 Pannoniae
566 557 756 595 inferioris
784 554 983 603 recenset,
1012 552 1227 598 discerna53
1262 564 1340 589 tum
1374 565 1464 589 vero
1500 566 1538 592 ut
1570 554 1726 591 eandem
1766 556 1803 591 in
1835 554 1965 593 medio

169 625 331 662 duorum
363 623 563 661 fluviorum
596 618 722 657 Murae
754 619 933 655 nimirum
953 645 965 665 ,
1001 628 1045 652 ac
1076 613 1198 653 Dravi
1228 614 1363 653 stetisse
1394 615 1592 665 intelligas.
1629 617 1730 655 Cum
1760 617 1881 655 nullus
1910 619 1967 654 in-

169 687 313 726 tervalli
345 697 521 723 numerus
553 684 666 721 Curtae
696 681 929 730 adponatur,
960 677 1116 716 difficile
1147 678 1200 716 est
1233 675 1471 728 conjec‘tare,
1501 680 1649 716 cuinam
1684 692 1730 717 ex
1765 680 1959 718 hodiernis

169 751 209 788 in
239 762 281 788 ea
312 750 470 798 regione
503 744 681 796 oppidis,
709 755 770 780 aut
800 743 906 792 pagis
937 740 1134 779 tribuenda
1163 741 1216 778 fit.
1246 740 1393 779 Interea
1420 739 1717 792 Luetenbergam
1744 754 1814 791 pro
1849 743 1965 781 Curta

168 815 313 851 sumere
340 812 462 849 liceat.
497 810 677 846 Veterem
708 803 949 843 Paetovionem
978 802 1024 840 ab
1049 804 1240 841 hodierno
1272 802 1421 842 Petovio
1448 804 1515 841 situ
1544 816 1621 841 non
1645 803 1818 854 differre,
1843 805 1968 843 omni·

168 876 238 913 bus
266 886 411 912 certum
442 871 505 910 est.
537 870 602 908 Est
630 871 710 906 haec
741 869 875 906 civitas
910 869 948 904 in
977 866 1114 904 finibus
1144 869 1301 922 Styriae,
1329 868 1369 906 &
1400 867 1589 915 Croatiae,
1622 867 1683 904 seu
1716 870 1850 905 veteris
1882 869 1965 905 No-

170 939 266 986 rici,
297 937 337 976 &
362 935 587 975 Pannoniae:
623 933 738 979 hinc,
769 931 860 968 licet
890 929 937 966 ad
967 930 1131 984 Styriam
1160 930 1277 968 hodie
1303 931 1509 980 pertineat,
1535 930 1698 977 antiquis
1724 941 1848 966 tamen
1875 941 1969 969 tem—

171 999 327 1052 poribus
356 997 476 1036 modo
508 995 735 1042 Pannoniae,
761 993 882 1031 modo
908 992 1047 1030 Norici
1078 992 1231 1030 urbibus
1263 992 1550 1030 adscribebatur.
1584 991 1849 1030 Flavianarum
1876 1006 1968 1044 par·

170 1063 262 1102 tium
285 1062 436 1107 Duces,
457 1059 582 1107 inquit
605 1057 761 1095 Tacitus
784 1053 855 1106 lz),
887 1053 1115 1094 Petovionem
1145 1054 1181 1092 in
1209 1051 1360 1093 hiberna
1395 1053 1522 1092 Tertia.
1549 1052 1690 1093 decimae
1719 1053 1870 1105 legionis
1889 1067 1970 1093 con-

166 1135 361 1165 venerant:
404 1121 477 1161 illia
505 1120 697 1172 agitavere
716 1147 729 1168 7
759 1117 971 1170 placeretne
997 1116 1138 1164 obstrui
1171 1111 1355 1155 Pannoniae
1384 1114 1524 1169 Alpes,
1552 1113 1667 1154 donec
1693 1126 1718 1154 α’
1747 1126 1852 1168 tergo
1878 1115 1971 1155 vires

166 1189 330 1238 universae
358 1187 637 1236 consurgerent3
667 1196 715 1219 an
744 1180 796 1218 ire
822 1179 1007 1228 cominus,
1042 1178 1075 1217 Β
1102 1190 1246 1218 certare
1271 1192 1348 1230 pro
1373 1177 1488 1217 Italia
1511 1178 1736 1224 constantius
1748 1179 1870 1227 foret
1899 1180 1970 1216 Ea-

169 1253 256 1289 dem
285 1250 373 1288 urbs
401 1248 610 1286 Ptolemaso
644 1241 826 1281 Petovium
848 1242 1014 1290 dicitur,
1047 1243 1269 1290 locaturque
1302 1243 1398 1280 inter
1429 1242 1599 1279 civitates
1630 1241 1833 1278 Pannoniae
1863 1241 1969 1290 supe-

170 1315 292 1353 rioris.
327 1313 380 1350 At
407 1309 634 1348 Ammianus
662 1306 907 1345 Marcellinus
947 1271 1174 1343 Petobionem
1201 1315 1315 1341 vocat
1344 1301 1521 1354 oppidum
1550 1302 1799 1351 Noricorum,
1836 1302 1968 1341 refert-

175 1390 249 1426 que
276 1388 323 1414 eo
353 1372 492 1412 veniss'e
516 1371 779 1409 Constantium
801 1369 1011 1418 Augustum
1033 1367 1080 1404 ad
1102 1364 1510 1417 comprehendendum
1533 1365 1684 1403 Gallum
1711 1365 1896 1404 Caesarem
1915 1363 1969 1413 i).

171 1440 321 1480 Mentio
342 1436 486 1475 ibidem
513 1434 555 1472 fit
577 1434 709 1473 Palatii
738 1444 839 1470 extra
868 1437 997 1469 muros
1024 1428 1225 1468 Petovionis
1250 1429 1384 1480 positi3
1419 1427 1518 1466 unde
1542 1428 1703 1478 priscam
1732 1425 1841 1476 hujus
1868 1427 1969 1465 urbis

171 1502 431 1542 celebritatem
460 1495 654 1548 conjicere
687 1495 811 1546 possis.
846 1496 937 1531 Haec
973 1493 1020 1530 de
1051 1494 1183 1530 itinere
1214 1505 1234 1528 a
1266 1490 1502 1531 Vindobona
1528 1488 1727 1527 Sahariam
1748 1517 1760 1537 ,
1800 1490 1840 1528 &
1878 1490 1967 1526 hinc

170 1564 410 1604 Paetovionem.
436 1563 551 1599 Extat
575 1572 666 1598 vero
694 1560 805 1596 etiam
827 1557 979 1593 alterius
1003 1556 1146 1593 itineris
1167 1567 1187 1592 a
1211 1552 1413 1591 Paetovione
1437 1551 1661 1600 Sahariam,
1686 1552 1725 1590 &
1746 1553 1835 1589 hinc
1857 1551 1969 1599 usquc

171 1629 397 1665 Carnuntum
425 1623 644 1672 descriptio.
680 1622 739 1658 En
767 1619 859 1656 illud
891 1618 1011 1656 rursus
1047 1631 1092 1655 ex
1118 1617 1307 1655 Antonini
1337 1615 1536 1653 Itinerario
1566 1626 1651 1661 pag.
1676 1617 1757 1650 262.

493 1756 592 1784 ITER
619 1756 646 1782 A
674 1751 944 1781 POETOVIONE
972 1750 1199 1778 CARNUNTO
1228 1749 1270 1776 M.
1298 1748 1334 1773 P.
1360 1745 1549 1773 CLxan.
1573 1732 1656 1781 stc:

688 1865 876 1905 Halicano
932 1894 939 1901 .
997 1893 1004 1900 .
1057 1893 1065 1900 .
1120 1864 1176 1902 Μ.
1204 1864 1246 1901 Ρ.
1275 1872 1379 1898 xxxr.

689 1927 788 1968 Salle
805 1955 1066 1965 .....
1120 1928 1175 1965 Μ.
1203 1927 1244 1963 Ρ.
1273 1936 1361 1960 xxx.

689 1989 875 2029 Sabaria.
931 2019 938 2027 .
995 2019 1002 2026 .
1061 2017 1069 2024 .
1121 1989 1176 2026 M.
1205 1989 1245 2025 P.
1275 1995 1378 2022 xxxr.

694 2050 944 2091 Scarabantia
999 2081 1006 2089 .
1063 2081 1070 2088 .
1124 2051 1180 2089 M.
1208 2051 1236 2088 P
1278 2056 1440 2084 xxxnn.

695 2117 882 2153 Carnunto
923 2144 930 2151 .
985 2143 993 2151 .
1049 2143 1055 2150 .
1109 2114 1164 2151 M.
1193 2113 1234 2150 P.
1263 2118 1434 2146 xxxv111.

348 2248 449 2285 inter
474 2242 733 2291 Paetovionem,
767 2241 807 2280 &
832 2238 1056 2279 Halicanum
1091 2237 1189 2274 nulla
1221 2235 1284 2272 hic
1321 2230 1474 2280 quidem
1498 2229 1641 2266 mentio
1662 2227 1714 2264 est
1742 2227 1879 2273 Curtae,
1902 2238 1967 2274 per

177 2315 275 2349 hanc
309 2322 434 2349 tamen
463 2307 693 2345 mansionem
729 2305 850 2342 rursus
882 2305 980 2341 viam
1008 2299 1194 2348 describi,
1229 2306 1383 2347 apparet
1416 2305 1461 2330 ex
1493 2290 1624 2329 eadem
1654 2286 1832 2326 Halicani
1864 2300 1883 2324 a
1905 2286 1968 2325 Pe-

178 2374 320 2412 {orione
348 2372 544 2418 distantia,
578 2380 715 2418 nempe
745 2367 799 2405 Μ.
831 2368 871 2404 Ρ.
897 2364 1042 2402 XXXI.
1084 2364 1137 2402 At
1174 2372 1264 2399 vero
1302 2360 1397 2395 inter
1425 2352 1673 2400 Halicanum,
1705 2351 1745 2389 ὅ(
1772 2348 1968 2387 sabariam

171 2445 1961 2481 --,ψηψ-,-----,Ἀψ-,-,η--,

219 2535 257 2579 g)
284 2533 359 2566 Lib.
381 2533 445 2572 sup.
463 2530 519 2561 cit.
541 2531 581 2561 P.
601 2530 644 2561 ΙΙ.
664 2538 697 2571 p.
721 2538 791 2572 113.

222 2588 255 2627 11)
279 2586 358 2618 Hist.
378 2584 433 2616 lib.
454 2585 513 2615 ΙΙΙ,
538 2593 608 2625 cap.
635 2595 659 2613 x.
1016 2596 1040 2619 ρ

226 2639 259 2679 i)
282 2638 359 2671 HJst.
377 2637 432 2670 tib.
449 2638 538 2669 xlv.
563 2645 632 2676 cap.
658 2637 714 2666 XI.
