2065 2927
629 123 907 171 CAPUT
985 124 1424 177 QulnruM.
1887 132 1941 174 27

131 225 246 273 igitur
276 223 640 270 hoc'm’gumentum
668 215 812 268 majore
836 214 1014 265 adparatu
1044 213 1290 264 pertraetabo.
1314 213 1411 250 Rem
1437 221 1560 249 autem
1589 208 1727 248 veteris
1757 211 1939 258 Geegrae

134 288 232 336 phiae
269 284 475 324 cultoribus
515 294 595 319 non
627 283 818 330 ingratam
850 279 934 317 fore
973 278 1162 327 confido,
1194 278 1219 315 fi
1254 275 1487 314 recensendo
1520 274 1677 322 itinera,
1707 271 1932 320 Sabariam,

133 351 194 387 vel
215 363 286 400 per
307 346 532 395 sabariam,
560 345 619 381 vel
643 357 670 381 a
693 341 859 381 Sabaria
881 342 1018 390 dueta,
1044 354 1124 378 non
1151 337 1260 390 hujus
1289 351 1430 377 tantum
1457 336 1646 385 civitatis,
1678 334 1741 373 sed
1775 335 1931 371 aliarum

134 413 248 450 etiam
274 411 444 447 omnium
462 437 477 458 ,
514 421 595 456 quae
629 407 666 443 in
693 405 829 442 iisdem
855 404 1050 442 itineribus
1080 413 1308 453 occurrent,
1341 399 1581 447 Matfionum
1604 398 1690 436 {itus
1718 396 1928 440 hodiernos

127 472 428 522 investigavero,
468 482 512 507 ac
542 470 791 508 determinare
825 467 1012 505 studuero.
1048 464 1124 504 Sed
1148 467 1281 514 prius,
1308 477 1423 512 quam
1453 462 1492 500 id
1523 460 1749 510 adgrediar,
1783 460 1931 498 necesse

127 537 203 585 ost,
235 547 275 573 ut
307 535 508 574 Le&orem
536 533 762 570 admoneam
793 530 840 567 de
868 529 1016 577 modo,
1048 541 1091 565 ac
1120 528 1293 576 ratione,
1314 540 1384 575 qua
1408 526 1527 575 prisca
1550 525 1816 562 Romanorum
1841 524 1928 560 mil-

134 600 235 637 liaria
265 611 353 636 cum
384 598 584 636 hodiernis
619 595 868 644 germanicis,
900 593 1016 641 vulgo
1047 590 1364 638 Veredariorum,
1396 590 1457 627 seu
1487 583 1719 639 pollalibu‘s,
1752 585 1926 624 confero.

119 664 175 701 M.
203 664 243 701 P.
267 662 297 701 I.
330 663 406 699 five
436 661 541 698 mille
576 658 701 709 paffus
723 667 906 695 romanos
938 655 1199 703 geometri-cos
1230 653 1420 702 aequiparo
1453 661 1543 698 777.
1576 647 1780 697 hexapedis
1810 649 1927 687 Vien-

132 721 336 772 nenfibus,
371 723 551 772 negleffls
583 722 663 758 aliis
697 719 876 758 minutiis.
910 718 952 755 In
986 730 1098 754 unum
1130 717 1291 755 milliare
1325 714 1584 764 germanicum
1619 710 1754 751 mediae
1780 712 1927 760 magni-

127 788 265 825 tudinis
302 789 451 835 imputo
483 785 591 832 3666.
625 782 835 833 hexapedas
863 780 1107 823 Viennenses.
1142 779 1197 817 Ita
1226 779 1268 816 fit
1291 807 1303 827 ,
1344 789 1384 815 ut
1430 790 1517 815 cum
1566 775 1693 813 datum
1729 788 1932 818 numerum,

134 851 352 888 milliarium
384 850 646 887 Romanorum
681 857 738 881 ex.
769 856 824 891 gr.
855 843 911 880 M.
943 843 983 880 P.
1012 843 1141 880 XXX.
1175 842 1249 880 sive
1282 841 1455 878 milliaria
1487 851 1612 878 vetera
1645 851 1705 886 30.
1739 851 1805 888 per
1836 849 1922 887 777.

133 913 405 962 multiplicavi,
439 909 736 960 produetumque
768 918 833 955 per
860 908 970 952 3666.
1002 905 1133 954 divifi,
1164 918 1209 943 ex
1245 905 1370 959 Quoto
1404 903 1516 940 facile
1541 903 1751 951 intelligam
1780 902 1842 938 illa
1865 903 1921 940 M.

123 977 163 1014 P.
190 975 317 1012 XXX.
343 973 559 1020 aequivalere
589 968 725 1006 nostris
747 972 782 1006 6.
801 968 1023 1005 milliaribus
1058 980 1147 1004 cum
1175 967 1324 1006 exceffu
1358 978 1463 1013 1314.
1490 966 1780 1015 hexapedarum.
1811 965 1923 1001 Hanc·

129 1037 358 1076 reduerionis
387 1032 611 1072 methodum
632 1032 759 1080 tenui,
794 1031 834 1069 ὅ(
861 1031 1130 1080 experimentis
1162 1030 1413 1080 comprobavi
1448 1031 1486 1066 in
1507 1030 1583 1065 alio
1607 1029 1790 1078 opusculo
1815 1042 1921 1077 meo,

127 1102 189 1139 cui
218 1099 366 1138 titulus:
397 1096 440 1134 In
471 1096 722 1134 Romanorum
757 1092 826 1132 iter
852 1107 928 1145 per
954 1091 1140 1131 Pannoniae
1166 1093 1289 1143 ripam
1323 1092 1610 1129 Commentarius
1634 1087 1920 1143 geographicus.

123 1162 198 1201 Sed
225 1161 299 1199 visa
331 1160 382 1198 est
410 1160 547 1202 Joanni
580 1155 749 1196 Severino
778 1161 858 1196 haec
891 1155 1094 1195 methodus
1129 1157 1257 1207 paullo
1295 1154 1534 1192 artificiofior
1554 1182 1566 1201 ,
1603 1167 1715 1200 quam
1749 1166 1788 1191 ut
1818 1154 1917 1191 illius

118 1226 200 1262 usus
237 1224 318 1260 aliis
352 1221 564 1273 persuaderi
599 1221 720 1272 poffit.
756 1220 1021 1270 Quamobrem
1055 1220 1097 1256 in
1123 1219 1299 1268 fingulari
1331 1219 1390 1255 sua
1414 1216 1708 1262 Differtatione,
1735 1229 1847 1264 quam
1875 1213 1922 1253 de

122 1283 232 1324 modo
255 1282 450 1324 inveniendi
460 1283 559 1333 ficus
583 1295 740 1323 veterum
763 1281 953 1321 Pannoniae
974 1279 1195 1335 oppidorum
1220 1295 1316 1320 anno
1343 1286 1444 1331 1781.
1469 1278 1612 1329 Posonii
1638 1279 1781 1328 edidit,
1806 1280 1916 1317 aliam

120 1350 357 1399 breviorem,
385 1348 673 1397 facilioremque
709 1347 798 1398 (de
831 1360 903 1396 qua
937 1346 1097 1384 multum
1125 1345 1268 1393 laetor)
1297 1345 1466 1392 invenit,
1503 1355 1546 1380 ac
1580 1342 1790 1393 proposuit.
1822 1344 1918 1392 Quae

121 1409 340 1464 hujusmodi
368 1412 441 1449 est:
477 1412 622 1450 omittit
650 1410 913 1449 redufflonem
950 1422 1025 1448 tam
1055 1410 1244 1458 Romani,
1280 1421 1392 1457 quam
1426 1406 1543 1445 nostri
1577 1406 1748 1443 milliaris
1779 1404 1826 1442 ad
1853 1407 1920 1443 he·

119 1474 281 1524 xapedas
307 1476 560 1513 Viennenses:
591 1474 654 1513 sed
686 1487 731 1511 ex
753 1474 952 1528 hypotefi,
981 1472 1086 1522 quod
1113 1487 1230 1513 unum
1260 1473 1420 1511 milliare
1458 1470 1720 1520 germanicum
1754 1470 1914 1517 aequiva·

116 1537 198 1573 leat
226 1544 364 1583 4800..,
399 1537 460 1573 vel
491 1548 601 1582 4740.
630 1536 787 1585 pambus
820 1537 1032 1584 Romanis,
1061 1536 1215 1585 suadet,
1252 1547 1292 1574 ut
1330 1549 1396 1586 per
1430 1535 1649 1572 alterutrum
1678 1534 1816 1570 horum
1847 1544 1911 1569 nuo

118 1611 309 1636 merorum
336 1598 419 1635 data
448 1612 492 1635 ex
525 1597 723 1634 Itinerario
752 1597 871 1634 millia
899 1596 1063 1645 passuum
1091 1597 1330 1645 dividantur,
1359 1607 1395 1633 et
1419 1597 1469 1631 fic
1494 1608 1669 1632 numerus
1692 1595 1911 1633 milliarium

109 1662 418 1709 germanicorum
447 1660 491 1696 iis
516 1659 746 1708 respondens
771 1659 992 1695 inveniatur.
1019 1661 1058 1696 Si
1083 1660 1166 1705 quis
1188 1658 1351 1707 proinde
1373 1655 1608 1694 Severiniana
1629 1658 1782 1706 potius,
1800 1669 1912 1705 quam

112 1722 238 1760 nostra
268 1721 452 1760 methodo
487 1721 684 1771 expsorare
712 1720 825 1770 velit,
856 1734 901 1759 an
930 1720 966 1758 in
992 1722 1217 1769 itineribus,
1255 1734 1335 1768 quae
1375 1732 1467 1757 mox
1495 1718 1731 1767 describam,
1766 1730 1910 1757 veteres

110 1785 323 1833 mensuras,
358 1785 404 1821 ad
437 1784 688 1822 inveniendos
719 1785 896 1822 locorum
931 1785 1042 1834 situs,
1075 1796 1163 1821 cum
1195 1783 1392 1821 hodiernis
1420 1783 1488 1819 rite
1521 1782 1848 1831 comparaverim,
1872 1780 1911 1817 id

112 1860 182 1898 per
210 1860 272 1885 me
301 1847 443 1885 licebit.
475 1850 559 1886 Nec
593 1848 693 1885 enim
723 1861 901 1897 magnum
933 1847 1136 1886 intercedit
1166 1847 1368 1884 discrimen
1397 1847 1494 1883 inter
1519 1843 1798 1894 magnitudines
1827 1845 1912 1881 mil—

105 1912 253 1949 liarium
293 1912 599 1961 germanicorum
625 1939 637 1959 ,
677 1924 767 1959 quas
802 1922 959 1959 uterque
992 1910 1259 1961 assumpfimus.
1299 1911 1398 1947 Nam
1434 1918 1546 1958 4740.
1587 1906 1706 1957 passus
1741 1907 1907 1944 Romani

113 1974 283 2012 efficiunt
310 1978 418 2022 3682.
451 1968 662 2024 hexapedas
691 1976 924 2013 Viennenses
947 2004 959 2023 ,
1007 1974 1180 2022 adeoque
1223 1976 1280 2011 16.
1324 1985 1467 2012 tantum
1511 1970 1715 2021 hexaped'is
1750 1969 1907 2019 plures,

115 2049 226 2083 quam
262 2039 457 2076 contineat
486 2038 644 2076 milliare
675 2051 741 2088 per
773 2051 833 2076 me
866 2037 1101 2088 assumptum.
1139 2037 1203 2076 Ad
1238 2049 1316 2074 rem
1349 2037 1485 2086 igitur!

293 2164 465 2201 Primum
498 2165 597 2214 iter,
633 2164 737 2213 quod
764 2177 832 2214 per
867 2161 1066 2202 sabariam
1101 2162 1232 2212 ducit,
1263 2159 1373 2212 hujus
1407 2161 1460 2198 est
1491 2160 1608 2199 tituli:
1640 2157 1716 2197 Iter
1746 2156 1792 2197 de
1812 2156 1906 2197 Pan-

111 2220 226 2260 neniis
254 2222 290 2261 in
320 2224 467 2264 Gallias
489 2240 563 2278 per
590 2225 858 2265 mediterranea
882 2223 990 2264 loca:
1015 2223 1061 2263 id
1086 2227 1156 2272 est:
1191 2240 1216 2263 a
1241 2224 1375 2263 Sirmio
1403 2238 1476 2276 per
1505 2220 1692 2273 Sopianas
1725 2219 1904 2260 Treveros

101 2287 210 2335 usique
240 2285 293 2333 i).
326 2289 493 2327 Primum
521 2289 726 2340 longissimi
747 2287 857 2339 hujus
885 2289 1036 2328 Itineris
1064 2290 1299 2339 segmentum
1330 2287 1534 2338 exponitur
1569 2287 1646 2324 hoc
1682 2282 1831 2323 modo:
1863 2284 1902 2322 A

104 2348 244 2387 Sirmio
275 2350 457 2390 {auriaco
489 2353 543 2391 M.
566 2353 987 2393 Riccccxxxwi„

1457 2679 1549 2717 132
