2065 2927
178 75 251 114 ⁸³2
478 60 654 103 LIBRI
707 60 899 101 SEXTI
953 58 1168 100 CAPUT
1221 60 1695 103 DUODECIMUM.

179 150 304 188 nostra
319 147 482 188 Sabaria
509 147 625 186 tribus
653 147 788 196 amplis
806 145 1036 184 ‚milliaribus
1064 144 1182 186 distat.
1211 146 1319 186 Sicca
1345 149 1449 186 vetio
1466 146 1628 186 Sabaria
1644 148 1784 187 indicat
1801 149 1964 199 aliquem

179 212 289 264 hujus
316 212 482 249 nominis
510 211 638 246 locum
655 237 667 257 ,
695 210 759 256 qui
788 210 891 246 nullo
920 210 1063 258 fluvio,
1090 221 1213 257 neque
1242 211 1324 248 rivo
1351 211 1525 259 alluitur,
1555 208 1659 257 quod
1680 211 1818 260 pariter
1835 211 1881 248 de
1896 212 1964 249 Sa-

180 274 314 322 baria,
344 276 438 311 inter
467 271 563 309 duos
591 283 719 307 amnes
747 270 1007 321 (Gybngyb's,
1025 269 1254 320 &Perentffi
1283 274 1425 322 posita,
1455 273 1532 310 dici
1559 276 1700 321 nequit.
1728 274 1872 323 Augeri
1901 274 1966 311 du-

181 338 284 374 bium
314 335 435 385 potest
462 347 508 372 ex
535 336 613 371 hoc
640 334 752 371 etiam
783 334 934 383 capite,
971 334 1076 381 quod
1112 334 1163 370 uti
1190 331 1370 385 Phihppi,
1406 336 1454 372 sic
1492 337 1668 374 ottonum
1697 348 1849 384 quoque
1877 348 1970 374 tem·

180 413 273 449 pore
302 400 427 446 Reges
455 397 669 435 Germaniae
697 395 790 433 nihil
817 396 978 445 aniplius
1005 393 1096 445 juris
1123 395 1318 433 habuerint
1343 398 1380 433 in
1401 396 1625 447 Sabmiam,
1653 398 1692 436 ὅ(
1720 409 1849 435 caetera
1878 399 1964 436 loca

176 461 404 506 Pannoniae,
436 471 568 509 utpote
595 457 670 509 jam
700 461 966 508 Hungarorum
994 457 1233 508 Principibus
1261 456 1442 507 subjeetae.
1471 460 1657 498 Caeterum
1686 460 1868 499 vocabula
1887 461 1967 499 Ra-

169 540 259 578 pae,
289 522 447 570 &ficcae
474 523 598 560 varios
626 524 663 558 in
678 523 817 559 chartis
846 521 964 559 medii
986 521 1085 558 illius
1103 522 1172 558 aevi
1199 521 1341 559 habent
1367 521 1617 571 significatus,
1646 524 1709 570 qui
1737 523 1856 560 videri
1883 524 1970 573 pos—

178 589 261 625 sunt
289 588 328 623 in
357 582 546 623 Gloffario
574 586 789 633 Ducangii:
821 583 1071 631 quamobrem
1098 584 1176 620 hoc
1203 583 1294 620 loco
1321 581 1438 632 Rapa
1466 582 1624 621 Saboria
1651 585 1730 622 fors
1757 585 1857 622 idem
1888 586 1967 634 est,

176 662 221 688 ac
249 647 470 686 territorium
498 645 736 696 Sabariense,
765 646 804 684 &
818 645 926 694 ficca
952 644 1113 684 Sabaria
1139 645 1292 684 sorfitan
1319 657 1397 682 non
1424 646 1551 693 aliud,
1580 659 1687 693 quam
1716 648 1834 698 ipsum
1857 649 1969 685 Saba·

177 714 240 751 riae
268 712 400 750 locum
429 710 624 759 fignificat.
660 709 766 758 Aut,
795 709 821 746 fi
848 711 929 746 haec
957 709 1215 759 interpretatio
1250 720 1327 747 non
1360 709 1412 746 sat
1439 708 1647 745 verifimilis
1673 722 1825 760 apparet
1851 711 1968 759 ideo,

177 774 285 824 quod
312 774 351 810 in
378 775 455 810 hoc
483 772 694 822 diplomate
721 784 864 809 nomen
892 770 1005 822 Rapae
1033 772 1150 820 reipsa
1179 769 1354 820 Rabann,
1383 772 1444 809 seu
1474 768 1701 808 arrabonem
1727 773 1881 811 fluvium
1911 774 1966 810 in·

175 838 304 875 dicare
330 835 499 873 videatur
526 835 611 884 (est
639 835 740 872 enim
767 834 909 871 ibidem
939 832 978 870 &
1006 833 1205 885 Luimingae
1220 835 1340 883 juxta
1358 833 1532 884 Rapam,
1562 832 1601 870 ὃ(
1623 832 1738 884 Rapae
1763 833 1816 872 ad
1823 834 1972 886 Judlen

176 900 244 939 ben
272 897 450 947 mentio)
479 898 522 936 sit
549 911 667 947 ergo,
698 910 764 948 per
793 910 854 934 me
882 897 994 945 licet,
1023 896 1140 948 Rapa
1154 895 1313 933 sabaria
1341 896 1494 945 eadem,
1524 910 1604 944 quae
1632 897 1677 933 ad
1707 896 1877 945 Rabam,
1906 900 1968 936 seu

178 959 381 1010 Rabensts‚
410 960 449 997 id
478 960 558 1009 est,
585 958 852 1007 Arrabonenfis
868 958 1052 1004 Sabaria3
1080 972 1280 1008 propterea
1307 960 1356 996 sic
1384 959 1480 996 dicia
1497 989 1508 1008 .,
1537 960 1641 1008 quod
1670 961 1833 998 civitatis
1860 959 1970 1011 huj-us

178 1025 407 1063 territorium
437 1023 484 1061 ad
509 1022 751 1063 Arrabonem
779 1024 893 1071 usque
920 1023 1133 1073 pertigerit:
1177 1033 1253 1059 turn
1282 1033 1404 1060 autem
1419 1021 1526 1070 stccae
1552 1020 1710 1060 Sabaria
1735 1025 1888 1061 nomine
1915 1025 1971 1060 in·-

181 1088 352 1136 telligere
381 1087 512 1125 licebit
538 1087 691 1124 alteram
720 1086 852 1135 illam,
889 1085 1016 1136 reapse
1050 1084 1157 1122 omni
1197 1084 1342 1133 fluvio,
1377 1086 1535 1132 rivoque
1575 1085 1784 1123 destitutam
1806 1115 1818 1134 ,
1856 1099 1969 1135 quam

178 1151 309 1189 medio
337 1152 414 1187 hoc
443 1162 524 1187 aevo
552 1147 653 1200 juxta
680 1161 852 1187 montem
891 1150 926 1187 S.
954 1145 1120 1186 Martini
1145 1146 1302 1185 exiitiffe
1327 1174 1339 1194 ‚
1376 1146 1418 1185 ὅ(
1449 1147 1677 1200 Anonymus
1719 1149 1818 1185 Belae
1851 1149 1970 1197 Regis

179 1213 386 1261 Notarius,
415 1213 455 1251 &
482 1212 560 1262 ipse
587 1213 668 1249 Rex
698 1209 868 1250 BelalV.
896 1211 1095 1257 testantur,
1125 1209 1178 1245 uti
1205 1206 1293 1246 Lib.
1308 1208 1335 1245 I.
1363 1206 1471 1258 hujus
1494 1221 1598 1259 oper.
1629 1208 1801 1260 CapJV.
1826 1211 1968 1247 dietum

181 1275 245 1312 est.
274 1277 359 1312 Nec
387 1275 486 1310 enim
517 1274 668 1321 gemina
695 1276 774 1310 haec
799 1271 960 1310 Sabaria
986 1283 1089 1309 extra
1116 1273 1349 1309 Pannoniam
1378 1272 1527 1308 ideirco
1558 1272 1752 1320 quaercnda
1769 1272 1845 1321 est,
1864 1271 1970 1320 quod

180 1349 263 1376 eam
292 1333 479 1386 Philippus
508 1337 719 1374 Germaniae
745 1337 853 1383 Rex,
891 1335 952 1373 cui
990 1334 1082 1371 nihil
1118 1334 1156 1369 in
1183 1335 1416 1372 Pannoniam
1444 1331 1535 1384 juris
1564 1345 1668 1381 erat,
1703 1335 1970 1382 salisburgensi

181 1400 360 1439 Ecclefiae
398 1398 549 1437 donaffe
582 1400 730 1448 legitur.
769 1399 923 1446 Quippe
958 1399 1036 1436 hoc
1062 1392 1220 1446 Philippi
1245 1396 1452 1445 diplomate
1480 1397 1692 1435 continetur
1728 1397 1968 1434 confirmatio

181 1464 353 1501 omnium
383 1462 655 1509 donationum,
685 1474 764 1508 quae
794 1459 1105 1508 Archiepiscopis
1120 1458 1458 1506 Salisburgenfibus
1486 1459 1689 1506 aliquando
1717 1458 1819 1496 saikae
1846 1469 1965 1507 erant,

182 1526 297 1564 etiam
326 1524 452 1574 quoad
480 1538 523 1563 ea
550 1526 659 1573 loca,
689 1535 849 1573 quorum
878 1521 1102 1572 poffeffione
1127 1518 1202 1571 jam
1228 1520 1367 1559 dudum
1399 1521 1625 1560 exciderunt.

1587 2638 1912 2680 HISTORIAE

2047 566 2050 586 i

2046 595 2057 621 i
