2065 2927
682 117 962 157 CAPUT
1042 117 1401 159 SEXTUM.
1896 127 1952 171 a&

128 198 246 246 'tarie
264 218 360 259 pag.
392 207 475 249 264.
507 217 526 241 a
553 202 728 255 Sopianis
753 200 926 242 Acincum
948 215 1191 247 numerentur
1222 207 1275 243 M.
1303 207 1343 243 P.
1368 204 1572 243 CXXXV.
1601 203 1744 242 tametfi
1774 203 1950 245 Acincum

147 273 310 320 (utpote
342 265 487 305 Budam
517 266 699 315 veterem)
732 266 881 304 constet
911 268 1026 316 longe
1053 267 1177 305 minus
1205 280 1225 304 a
1246 265 1437 316 Sopiam's,
1458 267 1497 304 id
1517 267 1594 317 est,
1623 280 1642 303 a
1673 266 1951 319 Quinque-Ec-

140 331 255 380 clesiis
277 359 289 380 ‚
331 343 440 378 quam
479 328 760 381 Bregetionem,
794 330 986 367 civitatem
1019 329 1200 368 videlicet
1243 331 1432 368 hodierno
1476 330 1711 369 Comaromio
1748 331 1944 379 quondam

151 395 313 433 vicinam
329 422 341 443 ,
362 392 528 430 abfuisse.
553 392 713 430 Necesse
738 393 852 441 igitur
876 393 949 441 est,
968 404 1008 430 ut
1030 394 1127 429 inter
1155 391 1369 430 Florianum
1386 420 1399 441 ,
1428 392 1467 430 &
1497 391 1745 443 Bregetionem
1773 393 1944 441 quaedam

143 456 351 495 mansiones
386 456 458 493 suis
492 467 580 492 cum
617 456 783 492 numeris
811 456 847 491 in
879 453 1134 504 descriptione
1163 455 1313 492 alterius
1349 451 1457 504 hujus
1487 455 1630 492 itineris
1668 455 1942 495 interciderint.

137 517 256 568 Quod
287 519 312 556 fi
340 518 583 566 admittatur,
615 515 690 568 jam
720 515 900 555 Floriana
932 518 972 553 in
1003 527 1165 565 utroque
1195 517 1326 555 itinere
1358 517 1467 553 unius
1497 514 1748 567 ejusdemque
1775 520 1936 557 mansio-

135 581 193 617 nis
229 593 370 618 nomen
403 581 474 620 effe
512 581 664 631 poterit.
699 579 774 618 Sed
806 579 891 616 satis
916 577 992 629 jam
1021 577 1068 617 de
1092 579 1313 625 irineribus3
1345 591 1416 616 nec
1452 580 1552 616 enirn
1583 581 1661 616 hoc
1696 581 1931 630 postremum

132 642 179 679 ad
202 655 273 681 nos
294 657 528 695 magnopere
550 644 708 692 attinet,
732 654 817 679 cum
848 642 943 679 inter
965 638 1134 692 ejusdem
1160 642 1373 679 manfiones
1395 653 1472 679 non
1499 642 1735 681 recenseatur
1761 642 1935 683 Sabaria.

747 920 1125 973 CAPUT
1211 924 1303 973 VI.

429 1041 643 1099 Defiriptio
673 1052 997 1087 monumentorum
1027 1045 1313 1103 Sabarienstum.
1357 1045 1623 1103 [ascriptiones

761 1116 798 1155 in
828 1115 1017 1169 lapidibus
1046 1112 1284 1170 superstites.

125 1217 423 1300 VETERUM
464 1262 683 1319 itineribus?
716 1266 755 1302 in
788 1266 923 1315 quibus
958 1279 1191 1308 memoratur
1224 1267 1411 1318 Sabaria,
1444 1269 1698 1319 periustratis,
1731 1269 1919 1321 subjunge

119 1324 419 1374 descriptionem
458 1339 796 1366 monumentorum
835 1329 1137 1380 Sabarienfium,
1168 1333 1208 1371 ὅ(
1245 1332 1399 1381 quidem
1438 1333 1615 1382 praesente
1652 1334 1789 1384 Capite
1823 1335 1917 1373 refe-

119 1399 198 1423 ram
236 1387 507 1437 Inscriptiones
539 1391 760 1440 Romanas,
796 1406 878 1441 qua:
913 1395 1118 1433 etiamnum
1152 1398 1191 1433 in
1226 1397 1410 1435 hodierna
1439 1397 1590 1436 Sabaria
1614 1426 1626 1448 ,
1669 1396 1916 1448 ejusdemque

120 1449 258 1487 vicinia
293 1450 496 1499 supersunt.

303 1509 393 1548 Tab.
420 1510 451 1549 Ι.
487 1511 539 1548 Ν.
570 1527 596 1550 1.
631 1516 730 1552 Bafis
750 1508 912 1566 >lapidea
942 1520 1189 1567 quadrilatera
1215 1550 1227 1569 ,
1261 1534 1391 1559 ornata
1425 1524 1644 1577 anaglypho
1666 1551 1680 1571 ‚
1715 1523 1915 1562 exhibente

117 1574 365 1621 cornucopiae
400 1585 485 1610 cum
518 1577 758 1623 prominente
793 1580 973 1627 strabus)7
1016 1583 1055 1620 ὃ(
1084 1584 1300 1630 sequentem
1333 1586 1588 1634 epigraphen:

456 1699 658 1738 NEMESI

397 1760 522 1799 AVG.
579 1763 694 1800 SAC.
1014 1767 1181 1819 Augustae
1209 1769 1365 1808 Sacrum

373 1823 723 1863 HELIODORVS

331 1883 483 1922 AVG.
536 1886 588 1923 N.
641 1888 758 1926 VIL.
1024 1890 1180 1945 Augusti
1213 1893 1346 1939 Nollri
1382 1893 1535 1934 Villieus

354 1946 506 1985 STAT.
536 1949 723 1989 SAVAR.
1027 1955 1301 2006 stationarius,
1331 1959 1391 1996 vel
1419 1956 1597 1997 Stationis
1633 1958 1792 1997 Savariae

329 2010 436 2046 PRO
491 2011 595 2048 SAL.
652 2014 755 2051 SVA
981 2017 986 2028 ²
1032 2017 1104 2057 Pro
1137 2018 1263 2059 Salute
1281 2021 1359 2069 sita

371 2072 443 2109 ET
471 2073 698 2113 SVORVM

346 2135 394 2173 V·
460 2136 497 2173 S·
562 2137 603 2173 L·
665 2139 721 2175 M.
1012 2143 1165 2182 'Votum
1198 2143 1315 2183 Solvit
1346 2144 1481 2184 Libens
1508 2143 1666 2187 Merito.

298 2257 409 2295 Hunc
442 2259 608 2309 lapidem
638 2264 809 2302 votivum
838 2268 982 2316 primus
1007 2296 1019 2317 ‚
1058 2269 1163 2319 quod
1199 2270 1314 2307 sciam
1340 2298 1353 2318 ‚
1391 2272 1453 2307 aeri
1491 2270 1650 2308 incisum
1672 2299 1684 2320 ‚
1716 2271 1780 2309 sed
1824 2272 1899 2311 fine

102 2315 319 2371 anaglypho
342 2319 460 2358 edidit
484 2322 630 2362 Comes
655 2328 841 2365 Marfilius
868 2331 999 2369 Tomo
1027 2331 1074 2371 ΙΙ.
1102 2333 1270 2371 Danubii
1294 2333 1707 2372 Pannonico-Moefici
1735 2332 1826 2373 Tab.
1842 2341 1900 2382 38.

102 2379 176 2414 hoc
214 2381 372 2430 praefixo
408 2385 553 2423 titulo:
585 2386 742 2428 Savariae
780 2389 887 2430 hodie
925 2393 1024 2433 Steirz
1057 2408 1116 2433 am
1144 2393 1279 2448 Anger.
1320 2396 1490 2434 Eandem
1531 2397 1818 2447 inscriptionem
1854 2410 1901 2437 ex

102 2440 270 2480 Marfilio
302 2445 430 2494 postea
465 2449 633 2497 vulgavit
666 2454 899 2492 Muratorius
939 2455 978 2494 Ίῖ
1006 2456 1035 2493 I.
1063 2457 1163 2495 Novi
1201 2454 1377 2507 Thesauri
1405 2457 1578 2498 Veterum
1609 2458 1777 2511 Irffcript.
1802 2472 1897 2511 pag.

101 2511 298 2543 Lxxxv111.
321 2518 356 2555 7.
383 2508 444 2547 sed
473 2510 632 2550 admisso
668 2528 797 2556 errore
827 2521 1119 2570 geographico,
1150 2521 1254 2568 quod
1281 2521 1470 2560 Sabariam
1503 2523 1634 2560 Daci-<e
1660 2522 1897 2560 adscriberet.

109 2562 292 2618 Sabaria,
325 2572 474 2622 inquit,
512 2572 545 2611 in
574 2574 710 2620 Dacia,
