<?xml version="1.0" encoding="UTF-8"?>
<!DOCTYPE html PUBLIC "-//W3C//DTD XHTML 1.0 Transitional//EN"
    "http://www.w3.org/TR/xhtml1/DTD/xhtml1-transitional.dtd">
<html xmlns="http://www.w3.org/1999/xhtml" xml:lang="en" lang="en">
 <head>
  <title>
</title>
<meta http-equiv="Content-Type" content="text/html;charset=utf-8" />
  <meta name='ocr-system' content='tesseract 3.04.00' />
  <meta name='ocr-capabilities' content='ocr_page ocr_carea ocr_par ocr_line ocrx_word'/>
</head>
<body>
  <div class='ocr_page' id='page_1' title='image "antiquitatumethi00scho_0107.png"; bbox 0 0 2065 2927; ppageno 0'>
   <div class='ocr_carea' id='block_1_1' title="bbox 702 96 1940 147">
    <p class='ocr_par' dir='ltr' id='par_1_1' title="bbox 702 96 1940 147">
     <span class='ocr_line' id='line_1_1' title="bbox 702 96 1940 147; baseline 0 -11"><span class='ocrx_word' id='word_1_1' title='bbox 702 96 982 137; x_wconf 84' lang='lat' dir='ltr'>CAPUT</span> <span class='ocrx_word' id='word_1_2' title='bbox 1059 98 1376 137; x_wconf 86' lang='lat' dir='ltr'>NONUM.</span> <span class='ocrx_word' id='word_1_3' title='bbox 1890 106 1940 147; x_wconf 80' lang='lat'>59</span> 
     </span>
    </p>
   </div>
   <div class='ocr_carea' id='block_1_2' title="bbox 128 179 1938 674">
    <p class='ocr_par' dir='ltr' id='par_1_2' title="bbox 128 179 1938 674">
     <span class='ocr_line' id='line_1_2' title="bbox 304 179 1936 233; baseline -0.002 -10"><span class='ocrx_word' id='word_1_4' title='bbox 304 185 491 223; x_wconf 54' lang='lat' dir='ltr'>Haeremus</span> <span class='ocrx_word' id='word_1_5' title='bbox 515 179 698 220; x_wconf 80' lang='lat' dir='ltr'>Mancini.</span> <span class='ocrx_word' id='word_1_6' title='bbox 727 182 908 220; x_wconf 87' lang='lat' dir='ltr'>Ceterum</span> <span class='ocrx_word' id='word_1_7' title='bbox 929 182 1142 233; x_wconf 84' lang='lat' dir='ltr'>postrema,</span> <span class='ocrx_word' id='word_1_8' title='bbox 1177 197 1289 232; x_wconf 83' lang='lat' dir='ltr'>quam</span> <span class='ocrx_word' id='word_1_9' title='bbox 1318 184 1382 220; x_wconf 88' lang='lat' dir='ltr'>hic</span> <span class='ocrx_word' id='word_1_10' title='bbox 1406 182 1541 231; x_wconf 80' lang='lat' dir='ltr'>retuli,</span> <span class='ocrx_word' id='word_1_11' title='bbox 1560 181 1763 233; x_wconf 74' lang='lat' dir='ltr'>Inscriptio</span> <span class='ocrx_word' id='word_1_12' title='bbox 1797 181 1936 231; x_wconf 83' lang='lat' dir='ltr'>lapidis</span> 
     </span>
     <span class='ocr_line' id='line_1_3' title="bbox 132 244 1935 295; baseline -0.002 -8"><span class='ocrx_word' id='word_1_13' title='bbox 132 249 302 288; x_wconf 86' lang='lat' dir='ltr'>milliarii</span> <span class='ocrx_word' id='word_1_14' title='bbox 339 258 400 284; x_wconf 88' lang='lat' dir='ltr'>aut</span> <span class='ocrx_word' id='word_1_15' title='bbox 429 246 551 295; x_wconf 81' lang='lat' dir='ltr'>spuria</span> <span class='ocrx_word' id='word_1_16' title='bbox 583 244 660 292; x_wconf 83' lang='lat' dir='ltr'>est,</span> <span class='ocrx_word' id='word_1_17' title='bbox 684 245 723 284; x_wconf 85' lang='lat'>&amp;</span> <span class='ocrx_word' id='word_1_18' title='bbox 751 246 940 293; x_wconf 64' lang='lat' dir='ltr'>conficta,</span> <span class='ocrx_word' id='word_1_19' title='bbox 967 258 1053 294; x_wconf 84' lang='lat' dir='ltr'>aut,</span> <span class='ocrx_word' id='word_1_20' title='bbox 1080 258 1168 283; x_wconf 88' lang='lat' dir='ltr'>cum</span> <span class='ocrx_word' id='word_1_21' title='bbox 1200 246 1289 284; x_wconf 83' lang='lat' dir='ltr'>effer</span> <span class='ocrx_word' id='word_1_22' title='bbox 1317 245 1478 284; x_wconf 86' lang='lat' dir='ltr'>multum</span> <span class='ocrx_word' id='word_1_23' title='bbox 1512 244 1675 293; x_wconf 84' lang='lat' dir='ltr'>detrita,</span> <span class='ocrx_word' id='word_1_24' title='bbox 1701 245 1804 283; x_wconf 85' lang='lat' dir='ltr'>illam</span> <span class='ocrx_word' id='word_1_25' title='bbox 1827 258 1935 283; x_wconf 84' lang='lat' dir='ltr'>meus</span> 
     </span>
     <span class='ocr_line' id='line_1_4' title="bbox 134 307 1935 358; baseline -0.002 -9"><span class='ocrx_word' id='word_1_26' title='bbox 134 313 196 349; x_wconf 86' lang='lat' dir='ltr'>hie</span> <span class='ocrx_word' id='word_1_27' title='bbox 226 311 394 357; x_wconf 81' lang='lat' dir='ltr'>amicus,</span> <span class='ocrx_word' id='word_1_28' title='bbox 428 308 498 356; x_wconf 89' lang='lat' dir='ltr'>qui</span> <span class='ocrx_word' id='word_1_29' title='bbox 530 307 605 356; x_wconf 76' lang='lat' dir='ltr'>jam</span> <span class='ocrx_word' id='word_1_30' title='bbox 643 308 739 346; x_wconf 86' lang='lat' dir='ltr'>inter</span> <span class='ocrx_word' id='word_1_31' title='bbox 769 309 877 346; x_wconf 88' lang='lat' dir='ltr'>vivos</span> <span class='ocrx_word' id='word_1_32' title='bbox 906 307 977 346; x_wconf 82' lang='lat' dir='ltr'>effe</span> <span class='ocrx_word' id='word_1_33' title='bbox 1004 308 1137 356; x_wconf 78' lang='lat' dir='ltr'>desiit,</span> <span class='ocrx_word' id='word_1_34' title='bbox 1165 308 1319 358; x_wconf 85' lang='lat' dir='ltr'>peffime</span> <span class='ocrx_word' id='word_1_35' title='bbox 1353 308 1632 357; x_wconf 84' lang='lat' dir='ltr'>redintegravit.</span> <span class='ocrx_word' id='word_1_36' title='bbox 1669 309 1806 357; x_wconf 85' lang='lat' dir='ltr'>Neque</span> <span class='ocrx_word' id='word_1_37' title='bbox 1832 312 1935 347; x_wconf 83' lang='lat' dir='ltr'>enim</span> 
     </span>
     <span class='ocr_line' id='line_1_5' title="bbox 139 364 1938 421; baseline 0 -11"><span class='ocrx_word' id='word_1_38' title='bbox 139 385 297 421; x_wconf 85' lang='lat' dir='ltr'>unquam</span> <span class='ocrx_word' id='word_1_39' title='bbox 332 372 370 407; x_wconf 87' lang='lat' dir='ltr'>in</span> <span class='ocrx_word' id='word_1_40' title='bbox 398 371 572 419; x_wconf 80' lang='lat' dir='ltr'>genuinis</span> <span class='ocrx_word' id='word_1_41' title='bbox 604 372 860 408; x_wconf 77' lang='lat' dir='ltr'>monumentis</span> <span class='ocrx_word' id='word_1_42' title='bbox 891 383 1060 410; x_wconf 87' lang='lat' dir='ltr'>veterum</span> <span class='ocrx_word' id='word_1_43' title='bbox 1100 369 1267 410; x_wconf 78' lang='lat' dir='ltr'>Tiberius</span> <span class='ocrx_word' id='word_1_44' title='bbox 1283 364 1467 409; x_wconf 59' lang='lat' dir='ltr'>‘Claudius</span> <span class='ocrx_word' id='word_1_45' title='bbox 1494 372 1701 421; x_wconf 85' lang='lat' dir='ltr'>appellatur</span> <span class='ocrx_word' id='word_1_46' title='bbox 1727 369 1802 409; x_wconf 82' lang='lat' dir='ltr'>divi</span> <span class='ocrx_word' id='word_1_47' title='bbox 1824 372 1938 410; x_wconf 61' lang='lat' dir='ltr'>Oda-</span> 
     </span>
     <span class='ocr_line' id='line_1_6' title="bbox 128 431 1937 485; baseline -0.002 -10"><span class='ocrx_word' id='word_1_48' title='bbox 128 435 223 475; x_wconf 72' lang='lat' dir='ltr'>viani</span> <span class='ocrx_word' id='word_1_49' title='bbox 248 432 405 484; x_wconf 67' lang='lat' dir='ltr'>Augusti</span> <span class='ocrx_word' id='word_1_50' title='bbox 428 432 540 471; x_wconf 79' lang='lat' dir='ltr'>Filius</span> <span class='ocrx_word' id='word_1_51' title='bbox 557 461 569 480; x_wconf 87' lang='lat'>.,</span> <span class='ocrx_word' id='word_1_52' title='bbox 605 432 668 469; x_wconf 87' lang='lat' dir='ltr'>sed</span> <span class='ocrx_word' id='word_1_53' title='bbox 698 434 850 482; x_wconf 79' lang='lat' dir='ltr'>praecise</span> <span class='ocrx_word' id='word_1_54' title='bbox 885 431 1048 472; x_wconf 81' lang='lat' dir='ltr'>&#39;liberius</span> <span class='ocrx_word' id='word_1_55' title='bbox 1074 435 1191 484; x_wconf 74' lang='lat' dir='ltr'>Caefizr</span> <span class='ocrx_word' id='word_1_56' title='bbox 1215 433 1306 471; x_wconf 82' lang='lat' dir='ltr'>Divi</span> <span class='ocrx_word' id='word_1_57' title='bbox 1326 433 1484 485; x_wconf 71' lang='lat' dir='ltr'>Augusti</span> <span class='ocrx_word' id='word_1_58' title='bbox 1503 434 1636 484; x_wconf 80' lang='lat' dir='ltr'>filius,</span> <span class='ocrx_word' id='word_1_59' title='bbox 1663 446 1727 473; x_wconf 84' lang='lat' dir='ltr'>aut</span> <span class='ocrx_word' id='word_1_60' title='bbox 1759 433 1805 473; x_wconf 75' lang='grc' dir='ltr'><em>Ἱῖ</em></span> <span class='ocrx_word' id='word_1_61' title='bbox 1829 436 1937 474; x_wconf 82' lang='lat' dir='ltr'>Clau-</span> 
     </span>
     <span class='ocr_line' id='line_1_7' title="bbox 135 494 1932 547; baseline 0.001 -12"><span class='ocrx_word' id='word_1_62' title='bbox 135 495 215 535; x_wconf 83' lang='lat' dir='ltr'>dius</span> <span class='ocrx_word' id='word_1_63' title='bbox 235 495 319 533; x_wconf 74' lang='lat' dir='ltr'>Divi</span> <span class='ocrx_word' id='word_1_64' title='bbox 348 496 444 547; x_wconf 76' lang='lat' dir='ltr'><em>Aug.</em></span> <span class='ocrx_word' id='word_1_65' title='bbox 470 495 539 534; x_wconf 66' lang='lat' dir='ltr'>Fa,</span> <span class='ocrx_word' id='word_1_66' title='bbox 568 496 684 544; x_wconf 84' lang='lat' dir='ltr'>idque</span> <span class='ocrx_word' id='word_1_67' title='bbox 714 497 865 546; x_wconf 82' lang='lat' dir='ltr'>semper</span> <span class='ocrx_word' id='word_1_68' title='bbox 892 496 1183 546; x_wconf 85' lang='lat' dir='ltr'>intelligendum</span> <span class='ocrx_word' id='word_1_69' title='bbox 1211 497 1265 535; x_wconf 90' lang='lat' dir='ltr'>est</span> <span class='ocrx_word' id='word_1_70' title='bbox 1297 496 1344 533; x_wconf 91' lang='lat' dir='ltr'>de</span> <span class='ocrx_word' id='word_1_71' title='bbox 1373 494 1519 535; x_wconf 80' lang='lat' dir='ltr'>Tiberio</span> <span class='ocrx_word' id='word_1_72' title='bbox 1544 499 1742 536; x_wconf 61' lang='lat' dir='ltr'>Oelaviani</span> <span class='ocrx_word' id='word_1_73' title='bbox 1770 498 1932 547; x_wconf 85' lang='lat' dir='ltr'>Augusti</span> 
     </span>
     <span class='ocr_line' id='line_1_8' title="bbox 135 556 1935 610; baseline 0.002 -14"><span class='ocrx_word' id='word_1_74' title='bbox 135 560 342 607; x_wconf 86' lang='lat' dir='ltr'>Privigno,</span> <span class='ocrx_word' id='word_1_75' title='bbox 376 571 420 595; x_wconf 86' lang='lat' dir='ltr'>ac</span> <span class='ocrx_word' id='word_1_76' title='bbox 449 559 689 598; x_wconf 77' lang='lat' dir='ltr'>success&#39;ore:</span> <span class='ocrx_word' id='word_1_77' title='bbox 718 572 807 596; x_wconf 87' lang='lat' dir='ltr'>nam</span> <span class='ocrx_word' id='word_1_78' title='bbox 837 556 1005 598; x_wconf 73' lang='lat' dir='ltr'>Tiberius</span> <span class='ocrx_word' id='word_1_79' title='bbox 1027 557 1231 609; x_wconf 78' lang='lat' dir='ltr'>Claudius,</span> <span class='ocrx_word' id='word_1_80' title='bbox 1256 560 1321 608; x_wconf 91' lang='lat' dir='ltr'>qui</span> <span class='ocrx_word' id='word_1_81' title='bbox 1350 559 1533 609; x_wconf 85' lang='lat' dir='ltr'>Caligulae</span> <span class='ocrx_word' id='word_1_82' title='bbox 1564 561 1758 610; x_wconf 85' lang='lat' dir='ltr'>succeffit,</span> <span class='ocrx_word' id='word_1_83' title='bbox 1784 562 1935 599; x_wconf 63' lang='lat' dir='ltr'>auetor-</span> 
     </span>
     <span class='ocr_line' id='line_1_9' title="bbox 130 620 1932 674; baseline 0.002 -16"><span class='ocrx_word' id='word_1_84' title='bbox 130 634 202 670; x_wconf 91' lang='lat' dir='ltr'>que</span> <span class='ocrx_word' id='word_1_85' title='bbox 234 621 305 659; x_wconf 87' lang='lat' dir='ltr'>fuit</span> <span class='ocrx_word' id='word_1_86' title='bbox 338 621 489 660; x_wconf 52' lang='lat' dir='ltr'>Coloniae</span> <span class='ocrx_word' id='word_1_87' title='bbox 523 620 705 673; x_wconf 48' lang='lat' dir='ltr'>Sex-variae,</span> <span class='ocrx_word' id='word_1_88' title='bbox 743 622 844 659; x_wconf 88' lang='lat' dir='ltr'>nulla</span> <span class='ocrx_word' id='word_1_89' title='bbox 875 623 1029 672; x_wconf 82' lang='lat' dir='ltr'>prorsus.</span> <span class='ocrx_word' id='word_1_90' title='bbox 1058 624 1206 661; x_wconf 86' lang='lat' dir='ltr'>ratione</span> <span class='ocrx_word' id='word_1_91' title='bbox 1239 622 1311 660; x_wconf 89' lang='lat' dir='ltr'>fuit</span> <span class='ocrx_word' id='word_1_92' title='bbox 1338 621 1427 660; x_wconf 80' lang='lat' dir='ltr'>Divi</span> <span class='ocrx_word' id='word_1_93' title='bbox 1455 621 1613 674; x_wconf 69' lang='lat' dir='ltr'><em>Auguste·</em></span> <span class='ocrx_word' id='word_1_94' title='bbox 1641 624 1766 671; x_wconf 83' lang='lat' dir='ltr'>filius,</span> <span class='ocrx_word' id='word_1_95' title='bbox 1800 637 1932 662; x_wconf 90' lang='lat' dir='ltr'>verum</span> 
     </span>
    </p>
   </div>
   <div class='ocr_carea' id='block_1_3' title="bbox 127 683 1934 860">
    <p class='ocr_par' dir='ltr' id='par_1_3' title="bbox 127 683 1934 860">
     <span class='ocr_line' id='line_1_10' title="bbox 131 683 1930 736; baseline 0.002 -14"><span class='ocrx_word' id='word_1_96' title='bbox 131 683 274 734; x_wconf 80' lang='lat' dir='ltr'><em>Drusi,</em></span> <span class='ocrx_word' id='word_1_97' title='bbox 308 684 476 734; x_wconf 87' lang='lat' dir='ltr'>ideoque</span> <span class='ocrx_word' id='word_1_98' title='bbox 518 689 557 723; x_wconf 91' lang='lat' dir='ltr'>in</span> <span class='ocrx_word' id='word_1_99' title='bbox 599 686 789 722; x_wconf 85' lang='lat' dir='ltr'>columnis</span> <span class='ocrx_word' id='word_1_100' title='bbox 823 686 1046 724; x_wconf 82' lang='lat' dir='ltr'>milliaribus</span> <span class='ocrx_word' id='word_1_101' title='bbox 1066 714 1078 734; x_wconf 91' lang='lat'>,</span> <span class='ocrx_word' id='word_1_102' title='bbox 1113 687 1273 734; x_wconf 87' lang='lat' dir='ltr'>aliisque</span> <span class='ocrx_word' id='word_1_103' title='bbox 1304 687 1564 724; x_wconf 86' lang='lat' dir='ltr'>monumentis</span> <span class='ocrx_word' id='word_1_104' title='bbox 1598 687 1675 736; x_wconf 87' lang='lat' dir='ltr'>legi</span> <span class='ocrx_word' id='word_1_105' title='bbox 1709 688 1829 725; x_wconf 86' lang='lat' dir='ltr'>solet:</span> <span class='ocrx_word' id='word_1_106' title='bbox 1863 686 1930 725; x_wconf 85' lang='lat' dir='ltr'>TI.</span> 
     </span>
     <span class='ocr_line' id='line_1_11' title="bbox 131 746 1934 790; baseline 0.002 -5"><span class='ocrx_word' id='word_1_107' title='bbox 131 746 374 785; x_wconf 89' lang='lat' dir='ltr'><strong>CLAUDIO</strong></span> <span class='ocrx_word' id='word_1_108' title='bbox 408 747 572 786; x_wconf 88' lang='lat' dir='ltr'>DRVSI</span> <span class='ocrx_word' id='word_1_109' title='bbox 606 748 651 786; x_wconf 87' lang='lat' dir='ltr'>F.</span> <span class='ocrx_word' id='word_1_110' title='bbox 680 747 912 786; x_wconf 88' lang='lat' dir='ltr'><strong>CAESARI</strong></span> <span class='ocrx_word' id='word_1_111' title='bbox 943 748 1073 789; x_wconf 87' lang='lat' dir='ltr'>AVG.</span> <span class='ocrx_word' id='word_1_112' title='bbox 1101 749 1177 788; x_wconf 61' lang='lat' dir='ltr'>&amp;a</span> <span class='ocrx_word' id='word_1_113' title='bbox 1213 751 1395 788; x_wconf 72' lang='lat' dir='ltr'>Praeterea</span> <span class='ocrx_word' id='word_1_114' title='bbox 1419 750 1547 788; x_wconf 85' lang='lat' dir='ltr'>titulus</span> <span class='ocrx_word' id='word_1_115' title='bbox 1572 747 1627 789; x_wconf 79' lang='lat' dir='ltr'>Pii</span> <span class='ocrx_word' id='word_1_116' title='bbox 1649 748 1782 790; x_wconf 74' lang='lat' dir='ltr'>Felicis</span> <span class='ocrx_word' id='word_1_117' title='bbox 1808 748 1934 788; x_wconf 76' lang='grc' dir='ltr'><em>Ιηνὶἑῖἱ</em></span> 
     </span>
     <span class='ocr_line' id='line_1_12' title="bbox 127 811 1261 860; baseline 0.003 -13"><span class='ocrx_word' id='word_1_118' title='bbox 127 811 256 860; x_wconf 90' lang='lat' dir='ltr'>paullo</span> <span class='ocrx_word' id='word_1_119' title='bbox 291 812 406 851; x_wconf 85' lang='lat' dir='ltr'>serius</span> <span class='ocrx_word' id='word_1_120' title='bbox 438 812 608 850; x_wconf 85' lang='lat' dir='ltr'>invaluit.</span> <span class='ocrx_word' id='word_1_121' title='bbox 1256 814 1261 816; x_wconf 50' lang='grc'><em>“</em></span> 
     </span>
    </p>
   </div>
   <div class='ocr_carea' id='block_1_4' title="bbox 124 940 1931 969">
    <p class='ocr_par' dir='ltr' id='par_1_4' title="bbox 124 940 1931 969">
     <span class='ocr_line' id='line_1_13' title="bbox 124 940 1931 969; baseline 0 1958"><span class='ocrx_word' id='word_1_122' title='bbox 124 940 1931 969; x_wconf 95' lang='lat' dir='ltr'> </span> 
     </span>
    </p>
   </div>
   <div class='ocr_carea' id='block_1_5' title="bbox 751 1051 1297 1104">
    <p class='ocr_par' dir='ltr' id='par_1_5' title="bbox 751 1051 1297 1104">
     <span class='ocr_line' id='line_1_14' title="bbox 751 1051 1297 1104; baseline -0.002 -3"><span class='ocrx_word' id='word_1_123' title='bbox 751 1051 1132 1104; x_wconf 88' lang='lat' dir='ltr'>CAPUT</span> <span class='ocrx_word' id='word_1_124' title='bbox 1214 1053 1297 1102; x_wconf 91' lang='lat' dir='ltr'>IX.</span> 
     </span>
    </p>
   </div>
   <div class='ocr_carea' id='block_1_6' title="bbox 353 1158 1688 1288">
    <p class='ocr_par' dir='ltr' id='par_1_6' title="bbox 353 1158 1688 1288">
     <span class='ocr_line' id='line_1_15' title="bbox 353 1158 1688 1222; baseline 0.004 -20"><span class='ocrx_word' id='word_1_125' title='bbox 353 1158 446 1204; x_wconf 80' lang='lat' dir='ltr'>Alia</span> <span class='ocrx_word' id='word_1_126' title='bbox 475 1161 749 1219; x_wconf 78' lang='lat' dir='ltr'>Sabarienfium</span> <span class='ocrx_word' id='word_1_127' title='bbox 788 1171 1028 1207; x_wconf 76' lang='lat' dir='ltr'>monumenta</span> <span class='ocrx_word' id='word_1_128' title='bbox 1066 1163 1205 1220; x_wconf 77' lang='lat' dir='ltr'>diversi</span> <span class='ocrx_word' id='word_1_129' title='bbox 1240 1166 1384 1216; x_wconf 73' lang='lat' dir='ltr'>generis</span> <span class='ocrx_word' id='word_1_130' title='bbox 1426 1162 1654 1222; x_wconf 64' lang='lat' dir='ltr'>recetgfi’ntur</span> <span class='ocrx_word' id='word_1_131' title='bbox 1672 1195 1688 1218; x_wconf 88' lang='lat'><em>,</em></span> 
     </span>
     <span class='ocr_line' id='line_1_16' title="bbox 862 1226 1191 1288; baseline -0.012 -11"><span class='ocrx_word' id='word_1_132' title='bbox 862 1226 909 1277; x_wconf 64' lang='lat'>{3</span> <span class='ocrx_word' id='word_1_133' title='bbox 938 1230 1191 1288; x_wconf 74' lang='lat' dir='ltr'>illustrantur.</span> 
     </span>
    </p>
   </div>
   <div class='ocr_carea' id='block_1_7' title="bbox 100 1317 1928 2557">
    <p class='ocr_par' dir='ltr' id='par_1_7' title="bbox 181 1339 189 1353">
     <span class='ocr_line' id='line_1_17' title="bbox 181 1339 189 1353; baseline 0 0"><span class='ocrx_word' id='word_1_134' title='bbox 181 1339 189 1353; x_wconf 64' lang='grc' dir='ltr'><em>ι</em></span> 
     </span>
    </p>

    <p class='ocr_par' dir='ltr' id='par_1_8' title="bbox 101 1317 1928 2307">
     <span class='ocr_line' id='line_1_18' title="bbox 145 1317 1928 1429; baseline 0.002 -16"><span class='ocrx_word' id='word_1_135' title='bbox 145 1317 333 1413; x_wconf 54' lang='lat' dir='ltr'>mli.</span> <span class='ocrx_word' id='word_1_136' title='bbox 369 1372 443 1413; x_wconf 90' lang='lat' dir='ltr'>XI.</span> <span class='ocrx_word' id='word_1_137' title='bbox 475 1374 630 1414; x_wconf 84' lang='lat' dir='ltr'>exhibet</span> <span class='ocrx_word' id='word_1_138' title='bbox 662 1376 874 1426; x_wconf 82' lang='lat' dir='ltr'>fragmenta</span> <span class='ocrx_word' id='word_1_139' title='bbox 906 1377 1170 1416; x_wconf 83' lang='lat' dir='ltr'>columnarum</span> <span class='ocrx_word' id='word_1_140' title='bbox 1202 1377 1448 1429; x_wconf 84' lang='lat' dir='ltr'>lapidearum.</span> <span class='ocrx_word' id='word_1_141' title='bbox 1477 1378 1540 1415; x_wconf 86' lang='lat' dir='ltr'>De</span> <span class='ocrx_word' id='word_1_142' title='bbox 1572 1378 1632 1415; x_wconf 82' lang='lat' dir='ltr'>his</span> <span class='ocrx_word' id='word_1_143' title='bbox 1660 1379 1792 1416; x_wconf 80' lang='lat' dir='ltr'>Petrus</span> <span class='ocrx_word' id='word_1_144' title='bbox 1821 1377 1928 1417; x_wconf 68' lang='lat' dir='ltr'>Ram</span> 
     </span>
     <span class='ocr_line' id='line_1_19' title="bbox 113 1437 1926 1491; baseline 0.002 -18"><span class='ocrx_word' id='word_1_145' title='bbox 113 1448 256 1484; x_wconf 64' lang='lat' dir='ltr'>zanus,</span> <span class='ocrx_word' id='word_1_146' title='bbox 280 1437 380 1485; x_wconf 87' lang='lat' dir='ltr'>apud</span> <span class='ocrx_word' id='word_1_147' title='bbox 404 1438 552 1486; x_wconf 89' lang='lat' dir='ltr'>Regem</span> <span class='ocrx_word' id='word_1_148' title='bbox 579 1440 764 1476; x_wconf 86' lang='lat' dir='ltr'>Mathiam</span> <span class='ocrx_word' id='word_1_149' title='bbox 797 1440 1008 1478; x_wconf 89' lang='lat' dir='ltr'>Corvinum</span> <span class='ocrx_word' id='word_1_150' title='bbox 1043 1441 1216 1491; x_wconf 81' lang='lat' dir='ltr'>legatus,</span> <span class='ocrx_word' id='word_1_151' title='bbox 1237 1443 1278 1478; x_wconf 83' lang='lat' dir='ltr'>in</span> <span class='ocrx_word' id='word_1_152' title='bbox 1311 1441 1570 1490; x_wconf 61' lang='lat' dir='ltr'>deseriptione</span> <span class='ocrx_word' id='word_1_153' title='bbox 1606 1440 1822 1478; x_wconf 86' lang='lat' dir='ltr'>Comitatus</span> <span class='ocrx_word' id='word_1_154' title='bbox 1851 1441 1926 1477; x_wconf 88' lang='lat' dir='ltr'>Ca-</span> 
     </span>
     <span class='ocr_line' id='line_1_20' title="bbox 122 1497 1926 1555; baseline 0.004 -21"><span class='ocrx_word' id='word_1_155' title='bbox 122 1497 383 1536; x_wconf 84' lang='lat' dir='ltr'>striferrenfis:</span> <span class='ocrx_word' id='word_1_156' title='bbox 417 1497 524 1547; x_wconf 81' lang='lat' dir='ltr'>Illic,</span> <span class='ocrx_word' id='word_1_157' title='bbox 550 1501 700 1549; x_wconf 83' lang='lat' dir='ltr'>inquit,</span> <span class='ocrx_word' id='word_1_158' title='bbox 731 1502 784 1546; x_wconf 72' lang='lat' dir='ltr'>est</span> <span class='ocrx_word' id='word_1_159' title='bbox 815 1500 980 1540; x_wconf 75' lang='lat' dir='ltr'>Sabaria</span> <span class='ocrx_word' id='word_1_160' title='bbox 1011 1504 1151 1547; x_wconf 70' lang='lat' dir='ltr'>vetusta</span> <span class='ocrx_word' id='word_1_161' title='bbox 1177 1502 1260 1540; x_wconf 77' lang='lat' dir='ltr'>olim</span> <span class='ocrx_word' id='word_1_162' title='bbox 1288 1503 1445 1547; x_wconf 67' lang='lat' dir='ltr'>civim,</span> <span class='ocrx_word' id='word_1_163' title='bbox 1469 1508 1573 1553; x_wconf 83' lang='lat' dir='ltr'><em>cujus</em></span> <span class='ocrx_word' id='word_1_164' title='bbox 1599 1514 1788 1555; x_wconf 69' lang='lat' dir='ltr'>apparent</span> <span class='ocrx_word' id='word_1_165' title='bbox 1806 1501 1926 1541; x_wconf 84' lang='lat' dir='ltr'>multa</span> 
     </span>
     <span class='ocr_line' id='line_1_21' title="bbox 124 1556 1921 1616; baseline 0.004 -20"><span class='ocrx_word' id='word_1_166' title='bbox 124 1556 247 1597; x_wconf 74' lang='lat' dir='ltr'>adhuc</span> <span class='ocrx_word' id='word_1_167' title='bbox 272 1560 446 1612; x_wconf 79' lang='lat' dir='ltr'>vestigia,</span> <span class='ocrx_word' id='word_1_168' title='bbox 477 1561 571 1599; x_wconf 82' lang='lat' dir='ltr'>inter</span> <span class='ocrx_word' id='word_1_169' title='bbox 597 1574 671 1613; x_wconf 84' lang='lat' dir='ltr'>quae</span> <span class='ocrx_word' id='word_1_170' title='bbox 692 1563 910 1613; x_wconf 62' lang='lat' dir='ltr'>specYantur</span> <span class='ocrx_word' id='word_1_171' title='bbox 931 1563 1099 1602; x_wconf 64' lang='lat' dir='ltr'>columna</span> <span class='ocrx_word' id='word_1_172' title='bbox 1122 1565 1258 1603; x_wconf 81' lang='lat' dir='ltr'>eximiae</span> <span class='ocrx_word' id='word_1_173' title='bbox 1282 1563 1541 1616; x_wconf 72' lang='lat' dir='ltr'>magnitudinis</span> <span class='ocrx_word' id='word_1_174' title='bbox 1565 1565 1619 1613; x_wconf 86' lang='lat' dir='ltr'>u).</span> <span class='ocrx_word' id='word_1_175' title='bbox 1650 1567 1782 1603; x_wconf 85' lang='lat' dir='ltr'>Lazius</span> <span class='ocrx_word' id='word_1_176' title='bbox 1803 1578 1921 1604; x_wconf 86' lang='lat' dir='ltr'>vero:</span> 
     </span>
     <span class='ocr_line' id='line_1_22' title="bbox 118 1622 1920 1678; baseline 0.003 -19"><span class='ocrx_word' id='word_1_177' title='bbox 118 1649 149 1670; x_wconf 64' lang='lat'>7,</span> <span class='ocrx_word' id='word_1_178' title='bbox 178 1622 330 1659; x_wconf 88' lang='lat' dir='ltr'>Sabaria</span> <span class='ocrx_word' id='word_1_179' title='bbox 359 1625 571 1672; x_wconf 81' lang='lat' dir='ltr'>Hungaris,</span> <span class='ocrx_word' id='word_1_180' title='bbox 598 1626 673 1674; x_wconf 72' lang='lat' dir='ltr'>ait,</span> <span class='ocrx_word' id='word_1_181' title='bbox 706 1627 864 1663; x_wconf 91' lang='lat' dir='ltr'>nomine</span> <span class='ocrx_word' id='word_1_182' title='bbox 893 1626 1042 1678; x_wconf 79' lang='lat' dir='ltr'>adhuc,</span> <span class='ocrx_word' id='word_1_183' title='bbox 1074 1628 1217 1675; x_wconf 77' lang='lat' dir='ltr'>situque</span> <span class='ocrx_word' id='word_1_184' title='bbox 1252 1629 1369 1665; x_wconf 83' lang='lat' dir='ltr'>veteri</span> <span class='ocrx_word' id='word_1_185' title='bbox 1397 1639 1518 1676; x_wconf 81' lang='lat' dir='ltr'>extat,</span> <span class='ocrx_word' id='word_1_186' title='bbox 1542 1629 1686 1665; x_wconf 87' lang='lat' dir='ltr'>tametfi</span> <span class='ocrx_word' id='word_1_187' title='bbox 1709 1630 1920 1677; x_wconf 83' lang='lat' dir='ltr'>Germani,</span> 
     </span>
     <span class='ocr_line' id='line_1_23' title="bbox 114 1685 1922 1740; baseline 0.004 -19"><span class='ocrx_word' id='word_1_188' title='bbox 114 1711 146 1732; x_wconf 66' lang='lat'>7,</span> <span class='ocrx_word' id='word_1_189' title='bbox 178 1695 219 1722; x_wconf 94' lang='lat' dir='ltr'>ut</span> <span class='ocrx_word' id='word_1_190' title='bbox 251 1685 443 1735; x_wconf 78' lang='lat' dir='ltr'>arbitror,</span> <span class='ocrx_word' id='word_1_191' title='bbox 482 1699 502 1722; x_wconf 87' lang='lat' dir='ltr'>a</span> <span class='ocrx_word' id='word_1_192' title='bbox 541 1688 660 1724; x_wconf 85' lang='lat' dir='ltr'>ruinis</span> <span class='ocrx_word' id='word_1_193' title='bbox 697 1687 871 1727; x_wconf 74' lang='lat' dir='ltr'>destruffi</span> <span class='ocrx_word' id='word_1_194' title='bbox 907 1685 1099 1738; x_wconf 60' lang='lat' dir='ltr'>quonflam</span> <span class='ocrx_word' id='word_1_195' title='bbox 1131 1689 1303 1740; x_wconf 78' lang='lat' dir='ltr'>oppidi,</span> <span class='ocrx_word' id='word_1_196' title='bbox 1339 1691 1377 1729; x_wconf 87' lang='lat'>&amp;</span> <span class='ocrx_word' id='word_1_197' title='bbox 1409 1688 1621 1740; x_wconf 79' lang='lat' dir='ltr'>jacentibus</span> <span class='ocrx_word' id='word_1_198' title='bbox 1664 1691 1704 1727; x_wconf 88' lang='lat' dir='ltr'>in</span> <span class='ocrx_word' id='word_1_199' title='bbox 1735 1692 1922 1728; x_wconf 68' lang='lat' dir='ltr'>colliculo</span> 
     </span>
     <span class='ocr_line' id='line_1_24' title="bbox 107 1748 1922 1802; baseline 0.004 -19"><span class='ocrx_word' id='word_1_200' title='bbox 107 1772 144 1794; x_wconf 79' lang='grc'>,,</span> <span class='ocrx_word' id='word_1_201' title='bbox 174 1748 350 1785; x_wconf 83' lang='lat' dir='ltr'>maximis</span> <span class='ocrx_word' id='word_1_202' title='bbox 378 1749 642 1788; x_wconf 89' lang='lat' dir='ltr'>columnarum</span> <span class='ocrx_word' id='word_1_203' title='bbox 666 1751 913 1802; x_wconf 83' lang='lat' dir='ltr'>fragmentis,</span> <span class='ocrx_word' id='word_1_204' title='bbox 939 1752 987 1788; x_wconf 92' lang='lat' dir='ltr'>de</span> <span class='ocrx_word' id='word_1_205' title='bbox 1014 1752 1149 1800; x_wconf 87' lang='lat' dir='ltr'>quibus</span> <span class='ocrx_word' id='word_1_206' title='bbox 1179 1753 1310 1802; x_wconf 86' lang='lat' dir='ltr'>postea</span> <span class='ocrx_word' id='word_1_207' title='bbox 1342 1765 1362 1789; x_wconf 82' lang='lat' dir='ltr'>a</span> <span class='ocrx_word' id='word_1_208' title='bbox 1393 1752 1508 1789; x_wconf 88' lang='lat' dir='ltr'>nobis</span> <span class='ocrx_word' id='word_1_209' title='bbox 1537 1752 1712 1801; x_wconf 84' lang='lat' dir='ltr'>dicetur,</span> <span class='ocrx_word' id='word_1_210' title='bbox 1736 1752 1834 1791; x_wconf 82' lang='lat' dir='ltr'>Stein</span> <span class='ocrx_word' id='word_1_211' title='bbox 1859 1766 1922 1791; x_wconf 85' lang='lat' dir='ltr'>am</span> 
     </span>
     <span class='ocr_line' id='line_1_25' title="bbox 101 1807 1919 1865; baseline 0.004 -19"><span class='ocrx_word' id='word_1_212' title='bbox 101 1835 131 1857; x_wconf 83' lang='lat'>„</span> <span class='ocrx_word' id='word_1_213' title='bbox 162 1807 288 1861; x_wconf 78' lang='lat' dir='ltr'>Anger</span> <span class='ocrx_word' id='word_1_214' title='bbox 324 1823 495 1861; x_wconf 79' lang='lat' dir='ltr'>vocant,</span> <span class='ocrx_word' id='word_1_215' title='bbox 524 1815 655 1851; x_wconf 88' lang='lat' dir='ltr'>locum</span> <span class='ocrx_word' id='word_1_216' title='bbox 688 1816 867 1854; x_wconf 85' lang='lat' dir='ltr'>vetustate</span> <span class='ocrx_word' id='word_1_217' title='bbox 896 1815 1176 1864; x_wconf 80' lang='lat' dir='ltr'>venerandum,</span> <span class='ocrx_word' id='word_1_218' title='bbox 1202 1814 1356 1863; x_wconf 83' lang='lat' dir='ltr'>divique</span> <span class='ocrx_word' id='word_1_219' title='bbox 1382 1816 1539 1853; x_wconf 86' lang='lat' dir='ltr'>Martini</span> <span class='ocrx_word' id='word_1_220' title='bbox 1565 1815 1796 1852; x_wconf 77' lang='lat' dir='ltr'>Turonensis</span> <span class='ocrx_word' id='word_1_221' title='bbox 1827 1815 1919 1865; x_wconf 84' lang='lat' dir='ltr'>Epi-</span> 
     </span>
     <span class='ocr_line' id='line_1_26' title="bbox 114 1872 1917 1928; baseline 0.003 -19"><span class='ocrx_word' id='word_1_222' title='bbox 114 1899 145 1921; x_wconf 75' lang='lat'><strong>„</strong></span> <span class='ocrx_word' id='word_1_223' title='bbox 172 1872 278 1923; x_wconf 86' lang='lat' dir='ltr'>scopi</span> <span class='ocrx_word' id='word_1_224' title='bbox 308 1876 428 1911; x_wconf 88' lang='lat' dir='ltr'>natale</span> <span class='ocrx_word' id='word_1_225' title='bbox 459 1876 594 1913; x_wconf 89' lang='lat' dir='ltr'>solum.</span> <span class='ocrx_word' id='word_1_226' title='bbox 623 1906 631 1913; x_wconf 93' lang='lat'><em>.</em></span> <span class='ocrx_word' id='word_1_227' title='bbox 666 1906 673 1914; x_wconf 91' lang='lat'><strong><em>.</em></strong></span> <span class='ocrx_word' id='word_1_228' title='bbox 703 1907 710 1914; x_wconf 89' lang='lat'>.</span> <span class='ocrx_word' id='word_1_229' title='bbox 750 1878 930 1916; x_wconf 86' lang='lat' dir='ltr'>Ceterum</span> <span class='ocrx_word' id='word_1_230' title='bbox 961 1877 1091 1927; x_wconf 54' lang='lat' dir='ltr'>§dem</span> <span class='ocrx_word' id='word_1_231' title='bbox 1117 1906 1130 1925; x_wconf 84' lang='lat'>‚</span> <span class='ocrx_word' id='word_1_232' title='bbox 1167 1878 1206 1916; x_wconf 68' lang='grc' dir='ltr'>ὃ(</span> <span class='ocrx_word' id='word_1_233' title='bbox 1243 1878 1374 1914; x_wconf 75' lang='lat' dir='ltr'>locum</span> <span class='ocrx_word' id='word_1_234' title='bbox 1409 1877 1687 1928; x_wconf 82' lang='lat' dir='ltr'>Imperatorum</span> <span class='ocrx_word' id='word_1_235' title='bbox 1724 1878 1917 1917; x_wconf 83' lang='lat' dir='ltr'>Sabariam</span> 
     </span>
     <span class='ocr_line' id='line_1_27' title="bbox 105 1936 1918 1991; baseline 0.004 -20"><span class='ocrx_word' id='word_1_236' title='bbox 105 1961 144 1982; x_wconf 73' lang='lat'>&gt;⁷</span> <span class='ocrx_word' id='word_1_237' title='bbox 176 1936 428 1974; x_wconf 85' lang='lat' dir='ltr'>maximorum</span> <span class='ocrx_word' id='word_1_238' title='bbox 462 1937 591 1987; x_wconf 82' lang='lat' dir='ltr'>fuisse,</span> <span class='ocrx_word' id='word_1_239' title='bbox 626 1951 705 1977; x_wconf 86' lang='lat' dir='ltr'>non</span> <span class='ocrx_word' id='word_1_240' title='bbox 740 1940 862 1978; x_wconf 86' lang='lat' dir='ltr'>solum</span> <span class='ocrx_word' id='word_1_241' title='bbox 891 1952 936 1977; x_wconf 80' lang='lat' dir='ltr'>ex</span> <span class='ocrx_word' id='word_1_242' title='bbox 970 1941 1106 1991; x_wconf 87' lang='lat' dir='ltr'>Capite</span> <span class='ocrx_word' id='word_1_243' title='bbox 1138 1953 1198 1985; x_wconf 76' lang='lat'>24.</span> <span class='ocrx_word' id='word_1_244' title='bbox 1233 1941 1319 1978; x_wconf 88' lang='lat' dir='ltr'>libri</span> <span class='ocrx_word' id='word_1_245' title='bbox 1343 1941 1412 1978; x_wconf 87' lang='lat' dir='ltr'>HI.</span> <span class='ocrx_word' id='word_1_246' title='bbox 1444 1942 1557 1980; x_wconf 84' lang='lat' dir='ltr'>Plinii</span> <span class='ocrx_word' id='word_1_247' title='bbox 1588 1954 1764 1991; x_wconf 82' lang='lat' dir='ltr'>apparet,</span> <span class='ocrx_word' id='word_1_248' title='bbox 1801 1943 1864 1990; x_wconf 87' lang='lat' dir='ltr'>qui</span> <span class='ocrx_word' id='word_1_249' title='bbox 1897 1955 1918 1979; x_wconf 88' lang='lat' dir='ltr'>a</span> 
     </span>
     <span class='ocr_line' id='line_1_28' title="bbox 119 1996 1916 2053; baseline 0.005 -20"><span class='ocrx_word' id='word_1_250' title='bbox 119 2022 149 2043; x_wconf 75' lang='lat'>‚,</span> <span class='ocrx_word' id='word_1_251' title='bbox 180 1996 345 2038; x_wconf 83' lang='lat' dir='ltr'>Claudio</span> <span class='ocrx_word' id='word_1_252' title='bbox 368 2000 512 2037; x_wconf 81' lang='lat' dir='ltr'>Caesare</span> <span class='ocrx_word' id='word_1_253' title='bbox 532 2002 659 2051; x_wconf 86' lang='lat' dir='ltr'>primo</span> <span class='ocrx_word' id='word_1_254' title='bbox 685 2015 767 2039; x_wconf 83' lang='lat' dir='ltr'>eam</span> <span class='ocrx_word' id='word_1_255' title='bbox 787 2003 981 2040; x_wconf 85' lang='lat' dir='ltr'>coloniam</span> <span class='ocrx_word' id='word_1_256' title='bbox 1003 2003 1201 2041; x_wconf 67' lang='lat' dir='ltr'>dedufiam</span> <span class='ocrx_word' id='word_1_257' title='bbox 1224 2003 1444 2053; x_wconf 78' lang='lat' dir='ltr'>adseverat,</span> <span class='ocrx_word' id='word_1_258' title='bbox 1478 2017 1607 2041; x_wconf 85' lang='lat' dir='ltr'>verum</span> <span class='ocrx_word' id='word_1_259' title='bbox 1644 2006 1756 2042; x_wconf 83' lang='lat' dir='ltr'>etiam</span> <span class='ocrx_word' id='word_1_260' title='bbox 1790 2005 1916 2042; x_wconf 82' lang='lat' dir='ltr'>osten-</span> 
     </span>
     <span class='ocr_line' id='line_1_29' title="bbox 102 2058 1915 2115; baseline 0.007 -20"><span class='ocrx_word' id='word_1_261' title='bbox 102 2085 131 2106; x_wconf 78' lang='lat'>„</span> <span class='ocrx_word' id='word_1_262' title='bbox 161 2058 253 2097; x_wconf 90' lang='lat' dir='ltr'>dunt</span> <span class='ocrx_word' id='word_1_263' title='bbox 281 2061 503 2111; x_wconf 86' lang='lat' dir='ltr'>fragmenta</span> <span class='ocrx_word' id='word_1_264' title='bbox 532 2064 745 2112; x_wconf 78' lang='lat' dir='ltr'>ingentium</span> <span class='ocrx_word' id='word_1_265' title='bbox 777 2066 1065 2114; x_wconf 83' lang='lat' dir='ltr'>columnarum,</span> <span class='ocrx_word' id='word_1_266' title='bbox 1102 2079 1184 2115; x_wconf 82' lang='lat' dir='ltr'>quae</span> <span class='ocrx_word' id='word_1_267' title='bbox 1220 2066 1343 2104; x_wconf 80' lang='lat' dir='ltr'>adhue</span> <span class='ocrx_word' id='word_1_268' title='bbox 1373 2068 1412 2103; x_wconf 82' lang='lat' dir='ltr'>in</span> <span class='ocrx_word' id='word_1_269' title='bbox 1439 2068 1552 2104; x_wconf 87' lang='lat' dir='ltr'>ruinis</span> <span class='ocrx_word' id='word_1_270' title='bbox 1587 2069 1746 2105; x_wconf 69' lang='lat' dir='ltr'>Sabariae</span> <span class='ocrx_word' id='word_1_271' title='bbox 1776 2070 1915 2107; x_wconf 87' lang='lat' dir='ltr'>veteris</span> 
     </span>
     <span class='ocr_line' id='line_1_30' title="bbox 102 2125 1916 2181; baseline 0.008 -25"><span class='ocrx_word' id='word_1_272' title='bbox 102 2148 132 2169; x_wconf 73' lang='lat'>‚‚</span> <span class='ocrx_word' id='word_1_273' title='bbox 171 2132 321 2172; x_wconf 72' lang='lat' dir='ltr'>extant,</span> <span class='ocrx_word' id='word_1_274' title='bbox 355 2136 394 2162; x_wconf 89' lang='lat' dir='ltr'>ut</span> <span class='ocrx_word' id='word_1_275' title='bbox 425 2125 596 2164; x_wconf 83' lang='lat' dir='ltr'>desolato</span> <span class='ocrx_word' id='word_1_276' title='bbox 631 2127 703 2165; x_wconf 88' lang='lat' dir='ltr'>isto</span> <span class='ocrx_word' id='word_1_277' title='bbox 737 2129 977 2178; x_wconf 80' lang='lat' dir='ltr'>municipio,</span> <span class='ocrx_word' id='word_1_278' title='bbox 1014 2129 1052 2167; x_wconf 68' lang='grc' dir='ltr'>ὅ(</span> <span class='ocrx_word' id='word_1_279' title='bbox 1084 2130 1167 2167; x_wconf 88' lang='lat' dir='ltr'>solo</span> <span class='ocrx_word' id='word_1_280' title='bbox 1194 2142 1364 2178; x_wconf 75' lang='lat' dir='ltr'>aequato,</span> <span class='ocrx_word' id='word_1_281' title='bbox 1398 2142 1484 2167; x_wconf 84' lang='lat' dir='ltr'>cum</span> <span class='ocrx_word' id='word_1_282' title='bbox 1515 2141 1648 2179; x_wconf 64' lang='lat' dir='ltr'>pra‘ter</span> <span class='ocrx_word' id='word_1_283' title='bbox 1684 2131 1749 2168; x_wconf 81' lang='lat' dir='ltr'>ista</span> <span class='ocrx_word' id='word_1_284' title='bbox 1780 2145 1916 2181; x_wconf 82' lang='lat' dir='ltr'>magna</span> 
     </span>
     <span class='ocr_line' id='line_1_31' title="bbox 113 2184 1916 2242; baseline 0.007 -22"><span class='ocrx_word' id='word_1_285' title='bbox 113 2211 142 2231; x_wconf 62' lang='lat'>7,</span> <span class='ocrx_word' id='word_1_286' title='bbox 172 2184 253 2221; x_wconf 83' lang='lat' dir='ltr'>saxa</span> <span class='ocrx_word' id='word_1_287' title='bbox 284 2186 377 2223; x_wconf 90' lang='lat' dir='ltr'>nihil</span> <span class='ocrx_word' id='word_1_288' title='bbox 407 2188 446 2224; x_wconf 92' lang='lat' dir='ltr'>in</span> <span class='ocrx_word' id='word_1_289' title='bbox 470 2188 668 2227; x_wconf 86' lang='lat' dir='ltr'>ruderibus</span> <span class='ocrx_word' id='word_1_290' title='bbox 700 2191 925 2241; x_wconf 69' lang='lat' dir='ltr'>superesset,</span> <span class='ocrx_word' id='word_1_291' title='bbox 951 2203 973 2227; x_wconf 84' lang='lat' dir='ltr'>a</span> <span class='ocrx_word' id='word_1_292' title='bbox 998 2193 1197 2230; x_wconf 85' lang='lat' dir='ltr'>Germanis</span> <span class='ocrx_word' id='word_1_293' title='bbox 1220 2205 1421 2242; x_wconf 79' lang='lat' dir='ltr'>propterea</span> <span class='ocrx_word' id='word_1_294' title='bbox 1452 2194 1520 2240; x_wconf 88' lang='lat' dir='ltr'>(ut</span> <span class='ocrx_word' id='word_1_295' title='bbox 1539 2193 1728 2241; x_wconf 79' lang='lat' dir='ltr'>arbitror,</span> <span class='ocrx_word' id='word_1_296' title='bbox 1753 2194 1818 2231; x_wconf 92' lang='lat' dir='ltr'>sub</span> <span class='ocrx_word' id='word_1_297' title='bbox 1842 2195 1916 2233; x_wconf 86' lang='lat' dir='ltr'>Ca-</span> 
     </span>
     <span class='ocr_line' id='line_1_32' title="bbox 111 2247 1914 2307; baseline 0.008 -25"><span class='ocrx_word' id='word_1_298' title='bbox 111 2273 140 2295; x_wconf 77' lang='lat'>„</span> <span class='ocrx_word' id='word_1_299' title='bbox 169 2247 256 2284; x_wconf 89' lang='lat' dir='ltr'>rolo</span> <span class='ocrx_word' id='word_1_300' title='bbox 288 2250 467 2299; x_wconf 83' lang='lat' dir='ltr'>Magno,</span> <span class='ocrx_word' id='word_1_301' title='bbox 503 2253 568 2300; x_wconf 91' lang='lat' dir='ltr'>qui</span> <span class='ocrx_word' id='word_1_302' title='bbox 598 2253 709 2303; x_wconf 87' lang='lat' dir='ltr'>pulfis</span> <span class='ocrx_word' id='word_1_303' title='bbox 747 2254 933 2292; x_wconf 85' lang='lat' dir='ltr'>Avaribus</span> <span class='ocrx_word' id='word_1_304' title='bbox 974 2267 1017 2292; x_wconf 85' lang='lat' dir='ltr'>ea</span> <span class='ocrx_word' id='word_1_305' title='bbox 1054 2256 1139 2292; x_wconf 73' lang='lat' dir='ltr'>loca</span> <span class='ocrx_word' id='word_1_306' title='bbox 1173 2257 1374 2294; x_wconf 81' lang='lat' dir='ltr'>Germanis</span> <span class='ocrx_word' id='word_1_307' title='bbox 1414 2255 1622 2293; x_wconf 83' lang='lat' dir='ltr'>cultoribus</span> <span class='ocrx_word' id='word_1_308' title='bbox 1665 2258 1914 2307; x_wconf 88' lang='lat' dir='ltr'>muniverat)</span> 
     </span>
    </p>

    <p class='ocr_par' dir='ltr' id='par_1_9' title="bbox 105 2307 1914 2367">
     <span class='ocr_line' id='line_1_33' title="bbox 105 2307 1914 2367; baseline 0.008 -22"><span class='ocrx_word' id='word_1_309' title='bbox 105 2335 140 2356; x_wconf 82' lang='lat'>,‚</span> <span class='ocrx_word' id='word_1_310' title='bbox 173 2307 272 2348; x_wconf 82' lang='lat' dir='ltr'>Stein</span> <span class='ocrx_word' id='word_1_311' title='bbox 301 2324 362 2349; x_wconf 86' lang='lat' dir='ltr'>am</span> <span class='ocrx_word' id='word_1_312' title='bbox 388 2309 511 2364; x_wconf 82' lang='lat' dir='ltr'>Anger</span> <span class='ocrx_word' id='word_1_313' title='bbox 547 2315 654 2353; x_wconf 87' lang='lat' dir='ltr'>locus</span> <span class='ocrx_word' id='word_1_314' title='bbox 679 2328 757 2355; x_wconf 90' lang='lat' dir='ltr'>non</span> <span class='ocrx_word' id='word_1_315' title='bbox 781 2318 975 2355; x_wconf 86' lang='lat' dir='ltr'>immerito</span> <span class='ocrx_word' id='word_1_316' title='bbox 1001 2317 1264 2356; x_wconf 82' lang='lat' dir='ltr'>denominatus</span> <span class='ocrx_word' id='word_1_317' title='bbox 1288 2320 1341 2356; x_wconf 72' lang='lat' dir='ltr'>stt.</span> <span class='ocrx_word' id='word_1_318' title='bbox 1371 2320 1493 2356; x_wconf 86' lang='lat' dir='ltr'>Porro</span> <span class='ocrx_word' id='word_1_319' title='bbox 1518 2318 1729 2367; x_wconf 79' lang='lat' dir='ltr'>fragmenta</span> <span class='ocrx_word' id='word_1_320' title='bbox 1757 2320 1822 2358; x_wconf 87' lang='lat' dir='ltr'>ista</span> <span class='ocrx_word' id='word_1_321' title='bbox 1846 2333 1914 2359; x_wconf 88' lang='lat' dir='ltr'>co-</span> 
     </span>
    </p>

    <p class='ocr_par' dir='ltr' id='par_1_10' title="bbox 100 2370 1911 2557">
     <span class='ocr_line' id='line_1_34' title="bbox 105 2370 1911 2430; baseline 0.007 -23"><span class='ocrx_word' id='word_1_322' title='bbox 105 2397 137 2419; x_wconf 80' lang='lat'><strong>„</strong></span> <span class='ocrx_word' id='word_1_323' title='bbox 170 2370 183 2407; x_wconf 90' lang='lat' dir='ltr'>l</span> <span class='ocrx_word' id='word_1_324' title='bbox 302 2386 384 2410; x_wconf 89' lang='lat' dir='ltr'>rum</span> <span class='ocrx_word' id='word_1_325' title='bbox 417 2374 464 2413; x_wconf 89' lang='lat' dir='ltr'>de</span> <span class='ocrx_word' id='word_1_326' title='bbox 495 2377 653 2415; x_wconf 84' lang='lat' dir='ltr'>arcubus</span> <span class='ocrx_word' id='word_1_327' title='bbox 687 2380 978 2430; x_wconf 81' lang='lat' dir='ltr'>triumphalibus</span> <span class='ocrx_word' id='word_1_328' title='bbox 1015 2382 1224 2419; x_wconf 71' lang='lat' dir='ltr'>remanliss&#39;e</span> <span class='ocrx_word' id='word_1_329' title='bbox 1255 2381 1577 2422; x_wconf 73' lang='lat' dir='ltr'>existimandumr,</span> <span class='ocrx_word' id='word_1_330' title='bbox 1615 2395 1705 2429; x_wconf 88' lang='lat' dir='ltr'>quas</span> <span class='ocrx_word' id='word_1_331' title='bbox 1738 2384 1778 2419; x_wconf 91' lang='lat' dir='ltr'>in</span> <span class='ocrx_word' id='word_1_332' title='bbox 1814 2385 1911 2422; x_wconf 88' lang='lat' dir='ltr'>Pan·</span> 
     </span>
     <span class='ocr_line' id='line_1_35' title="bbox 100 2384 1910 2555; baseline 0.001 -73"><span class='ocrx_word' id='word_1_333' title='bbox 100 2461 130 2482; x_wconf 72' lang='grc' dir='ltr'><strong>υ</strong></span> <span class='ocrx_word' id='word_1_334' title='bbox 160 2384 517 2555; x_wconf 47' lang='grc' dir='ltr'>ΠΝ</span> <span class='ocrx_word' id='word_1_335' title='bbox 537 2440 798 2480; x_wconf 84' lang='lat' dir='ltr'>Constantium</span> <span class='ocrx_word' id='word_1_336' title='bbox 830 2443 1040 2493; x_wconf 66' lang='lat' dir='ltr'>Caesarem,</span> <span class='ocrx_word' id='word_1_337' title='bbox 1061 2446 1286 2482; x_wconf 76' lang='lat' dir='ltr'>Ammianus</span> <span class='ocrx_word' id='word_1_338' title='bbox 1319 2445 1382 2481; x_wconf 74' lang='lat' dir='ltr'>lib.</span> <span class='ocrx_word' id='word_1_339' title='bbox 1404 2460 1463 2483; x_wconf 59' lang='grc' dir='ltr'>αι.</span> <span class='ocrx_word' id='word_1_340' title='bbox 1490 2446 1620 2482; x_wconf 65' lang='grc' dir='ltr'>ειυέἶοῑ·</span> <span class='ocrx_word' id='word_1_341' title='bbox 1647 2445 1725 2493; x_wconf 79' lang='lat' dir='ltr'>est,</span> <span class='ocrx_word' id='word_1_342' title='bbox 1756 2457 1794 2483; x_wconf 91' lang='lat' dir='ltr'>ut</span> <span class='ocrx_word' id='word_1_343' title='bbox 1821 2460 1910 2496; x_wconf 90' lang='lat' dir='ltr'>pro-</span> 
     </span>
     <span class='ocr_line' id='line_1_36' title="bbox 102 2498 1908 2557; baseline 0.007 -24"><span class='ocrx_word' id='word_1_344' title='bbox 102 2523 132 2544; x_wconf 87' lang='lat'><strong>„</strong></span> <span class='ocrx_word' id='word_1_345' title='bbox 163 2498 223 2534; x_wconf 88' lang='lat' dir='ltr'>cul</span> <span class='ocrx_word' id='word_1_346' title='bbox 259 2498 376 2538; x_wconf 83' lang='lat' dir='ltr'>dubio</span> <span class='ocrx_word' id='word_1_347' title='bbox 405 2514 425 2537; x_wconf 89' lang='lat' dir='ltr'>a</span> <span class='ocrx_word' id='word_1_348' title='bbox 479 2515 560 2547; x_wconf 51' lang='lat' dir='ltr'>gio</span> <span class='ocrx_word' id='word_1_349' title='bbox 594 2505 632 2540; x_wconf 91' lang='lat' dir='ltr'>in</span> <span class='ocrx_word' id='word_1_350' title='bbox 664 2505 839 2544; x_wconf 82' lang='lat' dir='ltr'>Sabaria:</span> <span class='ocrx_word' id='word_1_351' title='bbox 874 2520 986 2555; x_wconf 88' lang='lat' dir='ltr'>quem</span> <span class='ocrx_word' id='word_1_352' title='bbox 1017 2521 1092 2557; x_wconf 84' lang='lat' dir='ltr'>prae</span> <span class='ocrx_word' id='word_1_353' title='bbox 1127 2509 1263 2546; x_wconf 76' lang='lat' dir='ltr'>ceteris</span> <span class='ocrx_word' id='word_1_354' title='bbox 1297 2509 1427 2545; x_wconf 74' lang='lat' dir='ltr'>Iocum</span> <span class='ocrx_word' id='word_1_355' title='bbox 1457 2507 1623 2546; x_wconf 75' lang='lat' dir='ltr'>dilexiss&#39;e</span> <span class='ocrx_word' id='word_1_356' title='bbox 1654 2510 1755 2546; x_wconf 81' lang='lat' dir='ltr'>hunc</span> <span class='ocrx_word' id='word_1_357' title='bbox 1789 2509 1908 2546; x_wconf 77' lang='lat' dir='ltr'>Caesa-</span> 
     </span>
    </p>
   </div>
   <div class='ocr_carea' id='block_1_8' title="bbox 112 2581 1317 2602">
    <p class='ocr_par' dir='ltr' id='par_1_11' title="bbox 112 2581 1317 2602">
     <span class='ocr_line' id='line_1_37' title="bbox 112 2581 1317 2602; baseline 0 -12"><span class='ocrx_word' id='word_1_358' title='bbox 112 2581 1317 2602; x_wconf 39' lang='lat' dir='ltr'>Mn„</span> 
     </span>
    </p>
   </div>
   <div class='ocr_carea' id='block_1_9' title="bbox 133 2621 1556 2735">
    <p class='ocr_par' dir='ltr' id='par_1_12' title="bbox 133 2621 1556 2735">
     <span class='ocr_line' id='line_1_38' title="bbox 133 2621 652 2677; baseline 0.017 -16"><span class='ocrx_word' id='word_1_359' title='bbox 133 2628 168 2670; x_wconf 80' lang='lat' dir='ltr'>u&gt;</span> <span class='ocrx_word' id='word_1_360' title='bbox 191 2631 279 2673; x_wconf 54' lang='lat' dir='ltr'>Egit.</span> <span class='ocrx_word' id='word_1_361' title='bbox 299 2633 375 2666; x_wconf 72' lang='lat' dir='ltr'>Ret.</span> <span class='ocrx_word' id='word_1_362' title='bbox 397 2633 502 2677; x_wconf 67' lang='lat' dir='ltr'>Hing.</span> <span class='ocrx_word' id='word_1_363' title='bbox 526 2621 600 2672; x_wconf 36' lang='lat' dir='ltr'>Indi</span> <span class='ocrx_word' id='word_1_364' title='bbox 624 2644 652 2671; x_wconf 72' lang='grc' dir='ltr'>ι,</span> 
     </span>
     <span class='ocr_line' id='line_1_39' title="bbox 1472 2699 1556 2735; baseline 0 0"><span class='ocrx_word' id='word_1_365' title='bbox 1472 2699 1507 2735; x_wconf 90' lang='lat' dir='ltr'>H</span> <span class='ocrx_word' id='word_1_366' title='bbox 1535 2710 1556 2735; x_wconf 80' lang='lat'>2</span> 
     </span>
    </p>
   </div>
  </div>
 </body>
</html>
