2065 2927
164 91 207 133 ,g
788 90 1028 133 iissnl
1106 96 1354 137 PRIMI

158 169 353 211 stellorum
370 168 558 219 Blucium,
589 171 625 209 ὃ(
657 168 800 221 Pejum3
830 189 993 224 quorum
1020 181 1176 218 alterum
1206 185 1326 233 Regia
1357 186 1550 233 quondam
1579 187 1647 226 fuit
1678 188 1880 242 Deiotari,
1908 196 1957 232 al-

160 243 283 273 terum
312 246 412 282 gazae
443 233 677 271 adservanda:
704 234 927 275 destinatum
956 239 1018 288 0):
1048 243 1145 283 unde
1172 246 1210 282 in
1238 261 1405 286 mentem
1434 251 1527 287 mihi
1557 254 1660 290 venit
1686 253 1884 304 suspicari,
1913 269 1964 294 an-

157 309 237 336 non
265 299 376 335 etiam
405 299 443 334 in
471 299 664 336 Pannonia
691 299 920 349 Superiore‚
956 313 1088 352 utpote
1116 308 1232 345 veteri
1267 307 1571 363 Tolistobojorum
1597 316 1715 364 patria
1741 345 1753 365 ,
1795 319 1955 366 perinde

159 359 254 395 olim
283 358 465 396 exstiterit
491 372 552 398 aut
578 360 688 409 urbs,
717 373 779 399 aut
807 362 999 401 castellum
1028 366 1185 402 nomine
1211 365 1355 419 quzcm,
1397 372 1522 424 lacui,
1552 376 1616 423 qui
1647 374 1747 426 Peifo
1775 392 1957 428 vocatur,

92 443 99 449 ·
155 422 341 460 adfitum?
373 423 424 460 Ut
451 419 678 471 conjeeturae
704 424 795 460 huic
822 424 938 463 robur
965 427 1122 476 aliquod
1149 430 1262 469 ineffe
1290 434 1498 473 existimem
1515 466 1527 486 ,
1565 440 1646 475 haec
1683 439 1760 478 duo
1789 441 1958 483 faciunt:

158 484 351 534 primum,
393 486 480 533 quia
509 485 678 533 constat,
717 487 904 525 veteribus
932 491 1110 540 populis,
1146 505 1189 529 ac
1225 497 1413 545 praecipue
1442 500 1587 550 Celtis,
1625 503 1662 539 in
1690 517 1799 542 more
1828 506 1956 552 fuisse,

156 557 218 593 ut,
249 558 336 583 cum
363 546 468 585 sedes
496 548 575 584 suas
604 549 679 585 alio
710 549 975 601 transferrent,
1005 553 1102 590 locis
1133 555 1358 602 quibusdam
1386 572 1517 599 recens
1551 568 1749 616 occupatis
1777 570 1961 618 impone·

154 617 237 644 rent
265 607 422 644 nomina
450 609 625 647 locorum
655 610 744 647 alibi
771 612 989 650 renelorum
1007 642 1020 662 ,
1059 613 1105 650 ad
1145 617 1378 657 retinendam
1417 622 1595 665 videlicet
1632 632 1793 679 antiquae
1822 635 1956 683 patriae

156 669 397 706 memoriam.
426 670 490 707 Sic
518 670 565 707 de
593 673 734 721 Gallis,
764 674 828 721 qui
858 673 954 712 duce
981 675 1183 715 Belloveso
1213 681 1250 716 in
1279 680 1425 721 Italiam
1454 690 1778 742 commigrarunt,
1816 696 1954 735 diserte

156 741 279 767 narrat
304 728 458 779 Livius,
484 732 678 770 conditam
705 733 752 770 ab
783 734 829 771 iis
856 735 896 770 in
927 735 1093 776 Insubria
1124 740 1228 780 fuisse
1255 745 1412 795 urbem,
1447 762 1560 796 quam
1588 751 1849 796 Mediolanum
1887 759 1951 796 ad-

153 793 339 844 pellarunt
365 808 383 831 a
414 797 649 844 cognomine
678 809 780 846 pago
814 796 1065 852 Heduorum,
1102 816 1146 842 ex
1175 819 1253 853 quo
1287 809 1450 857 profeffl
1482 824 1586 851 erant
1600 815 1666 866 p).
1703 818 1830 868 Dein,
1867 822 1953 868 quia

153 867 296 894 nomen
331 855 431 908 Peis'o
459 860 635 909 proxime
665 860 816 898 accedit
841 860 887 897 ad
917 862 1144 903 vocabulum
1176 866 1258 905 Pei·
1276 869 1350 907 See.
1384 873 1630 924 Quapropter
1652 878 1747 914 nihil
1769 881 1951 917 verisimi-

153 919 224 957 lius
257 919 429 970 videtur,
466 936 577 971 quam
608 924 730 961 lacum
759 926 885 974 hune,
917 927 981 974 qui
1008 927 1133 966 Plinio
1163 925 1264 977 Peis'o
1299 943 1456 970 vocatur
1477 962 1490 982 ,
1526 933 1635 984 Boiis
1677 936 1740 977 Pei
1765 961 1774 968 —
1801 939 1864 979 See
1905 943 1950 981 ab

152 981 272 1020 adfito
311 983 351 1019 id
383 986 550 1023 nominis
583 987 730 1037 oppido
761 988 990 1039 adpellatum
1023 989 1141 1029 fuiffe.
1172 991 1227 1029 Ira
1262 995 1403 1045 quippe
1436 999 1555 1037 hodie
1584 1014 1739 1051 quoque
1767 1005 1869 1044 idem
1899 1008 1950 1044 la-

152 1057 220 1084 cus
247 1048 359 1086 etiam
390 1046 586 1097 Neufidler
616 1049 704 1100 See,
741 1051 780 1090 &
821 1050 1084 1107 Oedenburger
1111 1053 1178 1092 See
1211 1068 1229 1092 a
1266 1057 1403 1095 vicinis
1435 1059 1474 1096 id
1504 1064 1703 1101 nominum
1735 1068 1949 1111 civitatibus

153 1120 399 1159 nuncupatur.
435 1113 521 1150 Nec
554 1114 696 1164 obstat,
728 1117 833 1165 quod
869 1119 905 1155 in
937 1120 1051 1157 veteri
1082 1119 1327 1170 Geographia
1356 1124 1560 1162 Pannoniae
1584 1127 1687 1164 nulla
1717 1126 1792 1177 Peyi
1815 1132 1952 1181 oppidi

149 1183 325 1210 occurrat
351 1176 509 1212 mentio.
538 1177 660 1215 Multa
688 1180 788 1217 enim
820 1181 962 1232 oppida
983 1210 996 1230 ,
1029 1183 1155 1220 multae
1185 1184 1385 1235 civitates,
1421 1186 1460 1225 ὅ(
1501 1189 1649 1227 castella
1686 1190 1827 1231 dudum
1866 1205 1955 1234 ante·

147 1234 389 1285 interierunt,
417 1251 528 1285 quarn
558 1240 751 1278 Pannonia
786 1243 823 1279 in
851 1244 1074 1293 potestatem
1097 1248 1361 1287 Romanorum
1387 1250 1572 1300 venisset,
1601 1252 1666 1289 sub
1705 1253 1838 1302 quibus
1873 1257 1953 1305 pri-

147 1309 251 1333 mum
282 1311 340 1336 res
372 1301 576 1339 Pannoniae
605 1305 818 1354 consignari
843 1314 1100 1350 monumentis
1133 1326 1341 1364 coeperunt.

319 1363 436 1410 Quod
468 1378 560 1403 vero
595 1366 642 1403 ad
668 1368 837 1406 Videris
867 1367 1048 1420 Pelstmem
1077 1376 1229 1420 attinet3
1256 1379 1358 1413 hunc
1383 1377 1555 1426 plerique
1577 1379 1833 1416 recentiorum
1860 1392 1944 1428 per!-

145 1434 271 1470 peram
305 1436 392 1461 cum
424 1424 568 1475 Peisone
602 1430 714 1467 Plinii
748 1432 1017 1473 confundunt:
1061 1449 1138 1484 quo
1180 1437 1251 1485 fit,
1288 1449 1328 1475 ut
1365 1438 1462 1476 haud
1501 1440 1611 1488 pauci
1647 1441 1758 1477 etiam
1799 1438 1846 1474 de
1872 1439 1941 1476 fitn-

146 1483 354 1531 prozinciae
383 1484 560 1538 Valeria,
592 1503 704 1537 quam
739 1493 914 1533 Galerius
943 1495 1212 1537 Maximianus
1237 1499 1368 1536 emisso
1397 1502 1433 1536 in
1458 1499 1676 1537 Danubium
1708 1500 1787 1536 lacu
1826 1495 1940 1546 Pelso—

142 1559 185 1583 ηε
205 1575 215 1593 ,
251 1549 426 1595 caefisque
461 1552 690 1589 immanibus
720 1555 820 1591 silvis
851 1556 949 1605 apud
976 1559 1194 1608 Pannonios
1228 1560 1385 1598 instituit
1409 1589 1420 1608 ‚
1462 1561 1619 1610 turpiter
1658 1562 1943 1599 hallucinentur.

143 1609 364 1659 Intelligunt
399 1614 501 1649 enim
531 1612 685 1652 Valeria
714 1618 873 1653 nomine
906 1630 1050 1665 partem
1080 1622 1281 1657 Pannoniae
1306 1622 1546 1668 Superioris,
1577 1621 1615 1654 in
1648 1633 1720 1666 qua
1749 1620 1821 1656 fuit
1854 1630 1943 1666 ager

139 1672 395 1722 Sabarienfis,
429 1674 469 1712 ὅ(
507 1675 798 1725 Scarbantinus,
831 1678 1059 1727 plagamque
1096 1681 1195 1717 circa
1224 1679 1450 1718 hodiernum
1474 1681 1597 1717 lacum
1625 1681 1941 1718 Nifideriensem:

141 1747 229 1773 cum
262 1748 386 1775 tamen
414 1752 459 1776 ex
488 1740 637 1776 Notitia
670 1741 910 1789 Dignitatum
938 1741 1094 1792 Imperii
1124 1743 1373 1791 Occidentis,
1398 1744 1444 1781 ’δέ
1467 1756 1511 1781 ex
1539 1743 1621 1778 aliis
1648 1743 1787 1779 coaevis
1815 1743 1942 1780 aueto—
1990 1787 1996 1794 ἱ

143 1797 245 1835 ribus
279 1811 423 1837 certum
454 1801 497 1838 sit
520 1829 532 1849 ,
571 1803 811 1851 provinciam
847 1801 1039 1842 Valeriam
1075 1805 1294 1854 portionem
1334 1803 1438 1842 fuisse
1473 1803 1674 1842 Pannoniae
1715 1802 1907 1840 inferioris
1930 1831 1942 1850 ‚

142 1859 310 1899 diffusam
342 1875 408 1911 per
442 1862 653 1900 hodiernos
687 1864 887 1913 Hungaiiae
926 1864 1140 1903 Comitatus
1170 1867 1461 1914 Bai-aniensem,
1498 1865 1727 1903 Tohiensem
1751 1893 1762 1912 ,
1800 1865 1944 1903 Alben-

138 1926 216 1964 seni
235 1955 248 1975 ,
277 1927 596 1976 Vesprimiensem
616 1955 629 1974 ‚
660 1928 889 1965 Pilisiensem
914 1955 927 1974 ,
963 1927 1259 1977 Strigoniensem
1278 1957 1290 1975 ,
1336 1940 1557 1985 partemque
1598 1927 1945 1965 Comaromienfis.

134 1991 237 2029 Nam
269 2003 502 2038 quaecunque
542 1992 629 2028 loca
660 1990 902 2029 Itinerarium
935 1992 1121 2029 Antonini
1158 1993 1196 2028 in
1227 1991 1366 2030 Itinere
1409 2004 1475 2041 per
1509 1990 1711 2029 Pannoniae
1751 1991 1869 2037 ripam
1918 2003 1936 2026 a

143 2050 269 2088 Mursa
294 2051 407 2098 usque
433 2048 658 2101 Aquincum,
690 2053 763 2090 five
796 2053 988 2091 Eszekino
1024 2054 1137 2102 usque
1158 2054 1303 2092 Budam
1323 2065 1516 2099 veterem,
1551 2052 1590 2090 &
1620 2051 1709 2087 hinc
1742 2052 1940 2099 Bregetio-

138 2123 248 2160 nem,
274 2110 528 2150 Comaromio
554 2115 742 2163 vicinam,
771 2116 939 2154 recenset
961 2144 973 2164 ,
1002 2128 1043 2153 ea
1075 2118 1202 2154 omnia
1226 2118 1262 2159 in
1290 2117 1396 2166 supra
1428 2115 1530 2151 diet-0
1556 2115 1715 2151 Notitiae
1741 2114 1842 2150 libro
1864 2112 1934 2161 sub

138 2171 242 2210 Duce
272 2171 461 2212 Provinciae
491 2173 644 2214 Valeriae
667 2176 816 2228 ripensis
845 2180 1095 2217 recensentur.
1130 2179 1173 2217 In
1199 2183 1268 2217 hac
1292 2191 1384 2227 ergo
1410 2176 1610 2215 Pannoniae
1638 2186 1741 2224 parte
1771 2174 1840 2212 fuit
1869 2176 1936 2212 Vi-

147 2234 260 2272 &oris
292 2233 418 2286 Pelsb‚
450 2235 635 2288 hujusque
659 2240 827 2276 nominis
858 2240 1012 2289 vestigia
1044 2242 1248 2280 etiamnum
1280 2240 1416 2276 retiner
1449 2239 1550 2274 lacus
1582 2234 1830 2274 Flamen-See
1852 2250 1937 2284 ger·

145 2297 291 2345 manis,
318 2299 505 2346 Hungaris
535 2312 658 2338 autem
693 2300 829 2339 Balato
854 2302 986 2341 dietus.
1019 2305 1118 2341 Nam
1145 2301 1248 2350 quod
1277 2301 1448 2337 nonnulli
1474 2302 1574 2337 hunc
1601 2300 1725 2336 lacum
1750 2310 1820 2347 pro
1848 2297 1937 2336 Vel-

144 2371 214 2396 eaea
249 2359 406 2409 palude,
434 2361 540 2412 cujus
566 2364 663 2415 apud
695 2364 855 2403 Caffium
888 2368 1060 2406 Dionem
1086 2363 1247 2415 superest
1274 2364 1483 2411 memoria,
1514 2361 1639 2400 haberi
1670 2361 1806 2408 velint,
1830 2373 1935 2399 error

654 2477 1917 2503 *mmm-*mmmm

181 2566 214 2602 ο)
239 2567 351 2598 strabo
377 2570 497 2610 congr.
523 2570 576 2601 lsb.
608 2581 649 2604 ιε,
682 2583 712 2615 p.
737 2578 806 2608 662.

180 2620 217 2663 ὧν)
243 2621 354 2655 leltts
382 2622 424 2654 fib
459 2629 487 2665 5.
514 2632 583 2666 Cap.
614 2634 661 2663 19.
