2065 2927
334 123 571 168 LIBRI
649 119 906 162 SEXTI
985 121 1263 161 CAPUT
1340 119 1695 160 PRIMUM.
1828 131 1893 170 171

115 220 270 259 Ducum
295 223 569 260 romanorum,
595 207 736 247 efferati
764 219 871 246 atrox
899 207 1040 246 bellum
1072 208 1300 247 suscitarunt.
1331 208 1410 247 Diu
1442 206 1593 245 alternis
1630 205 1800 243 cladibus
1821 220 1900 245 cer-

117 293 233 320 tatum
262 278 339 326 est,
369 275 457 312 dum
485 272 638 311 tandem
666 271 731 309 sub
761 284 899 309 annum
935 278 1018 319 378.
1055 266 1349 320 circumventis'z,
1369 284 1413 309 ac
1455 282 1561 320 paene
1591 269 1637 306 ad
1673 270 1899 307 internecio-

114 356 200 381 nem
229 341 328 378 caefis
361 335 574 386 legionibus
607 336 800 384 romanis,
834 335 912 384 ipse
944 334 1040 371 adeo
1072 333 1209 373 Valens
1237 335 1426 383 Augustus
1457 333 1639 371 occubuit
1668 333 1723 381 a).
1757 333 1899 372 Laudat

112 403 325 444 Ammianus
352 400 543 438 solertiam
578 396 798 448 Fritigerni,
837 398 900 445 qui
933 397 978 434 ad
1008 399 1085 433 hoc
1122 396 1260 434 bellum
1290 396 1466 446 Hunnos,
1500 408 1606 433 antea
1638 395 1763 433 hostes
1786 396 1899 445 suos,

113 469 334 513 Alanosque
368 463 473 501 miris
505 461 755 512 proemiorum
790 460 979 497 illecebris
1009 459 1074 495 libi
1112 459 1317 497 sociaverat
1347 459 1402 507 b).

287 528 392 565 Dum
420 528 500 563 haec
529 525 566 561 in
594 523 756 561 Thracia
783 533 983 571 geruntur,
1012 522 1090 558 aliae
1119 521 1332 559 Hunnorum
1360 523 1481 571 copiae
1510 522 1649 560 interea
1676 522 1905 570 Pannonias,

115 603 205 640 quas
234 602 304 640 pro
333 588 445 626 fratre
476 584 731 626 Valentiniano
759 584 881 621 adhuc
909 596 1128 634 praetextato
1158 583 1365 622 Gratianus
1392 585 1579 635 Augustus
1605 584 1905 633 administrabat,

111 652 315 700 invadunt,
352 661 629 701 occupantque.
658 649 771 685 Hunc
799 649 963 697 primum
994 649 1218 685 Hunnorum
1246 648 1284 684 in
1312 648 1525 686 Pannonias
1551 647 1751 695 ingressum
1782 646 1899 684 Mar·

110 715 280 763 cellinus,
317 714 463 770 Illyrici
502 712 566 750 sub
589 710 794 763 Justitziano
821 709 852 746 I.
889 710 1065 757 Coziies,
1104 711 1217 749 refert
1252 710 1298 747 ad
1335 723 1474 747 annum
1503 710 1644 747 Christi
1673 720 1757 758 377.
1797 711 1897 747 Nam

109 779 237 818 scribit
264 778 477 816 Pannonias
494 805 507 825 .,
537 788 628 823 quas
657 774 783 812 Hunni
813 773 933 823 spatio
961 772 1225 824 quinquaginta
1251 787 1435 811 annorum
1464 772 1721 823 possederint,
1749 773 1795 810 ab
1823 774 1900 811 Ro-

109 843 230 882 manis
256 853 427 892 receptas
456 838 560 878 fuisse
590 836 785 876 Indiffione
811 835 863 874 X.
893 834 1042 883 Ηὶενίο,
1073 834 1105 873 {5
1132 834 1329 874 Ardabure
1358 837 1451 887 Ctff
1479 836 1518 872 id
1548 836 1600 873 est
1627 848 1725 872 anno
1744 846 1829 882 427.
1848 835 1898 886 c).

109 907 283 954 Quanam
322 917 412 942 vero
450 903 594 939 ratione
629 902 665 936 in
694 900 919 936 Hunnorum
948 899 1171 949 potestatem
1201 901 1398 937 Pannoniae
1433 898 1508 951 jam
1538 912 1636 936 anno
1666 909 1751 947 377.
1786 911 1898 936 vene·

109 969 212 1007 rint?
242 967 421 1013 armisne⁷
451 977 495 1001 an
524 964 652 1013 potius
681 960 922 999 concessione
952 961 1129 999 Gratiani
1155 963 1192 1000 ὅ(
1225 960 1471 999 Valentiniani
1497 960 1683 1011 junioris?
1712 963 1823 1007 item,
1852 973 1897 998 an

105 1030 293 1069 universas
321 1028 532 1067 Pannonias
553 1053 565 1074 ‚
603 1025 662 1063 vel
692 1022 877 1075 majorem
905 1023 1098 1062 dumtaxat
1124 1024 1271 1061 illarum
1311 1037 1454 1074 partem
1491 1038 1538 1063 eo
1567 1037 1740 1075 tempore
1769 1025 1897 1062 Hunni

107 1092 402 1142 occupaverint?
432 1091 512 1126 haec
541 1090 579 1125 in
607 1088 771 1126 obscuro
798 1087 907 1137 sunt,
936 1088 1108 1138 spei-'tatis
1137 1098 1305 1124 veterum
1334 1088 1602 1125 monumentis.
1630 1089 1684 1126 At
1710 1101 1801 1126 vero
1830 1100 1900 1137 po«

100 1156 275 1194 steriores
303 1152 626 1202 Chronograpffi,
656 1151 695 1189 ὅ(
723 1150 902 1189 Historici
931 1152 1096 1201 primum
1125 1152 1350 1188 Hunnorum
1386 1151 1425 1187 in
1453 1152 1666 1190 Pannonias
1693 1151 1895 1200 ingressum

103 1220 140 1258 in
168 1220 268 1256 hunc
297 1216 456 1254 modum
484 1214 711 1253 describunt.

275 1308 305 1329 „
333 1281 425 1328 Quo
453 1279 618 1329 primum
648 1288 851 1327 tempore,
880 1277 1003 1325 inquit
1029 1277 1214 1315 Nicoians
1232 1273 1376 1315 Olahus
1395 1274 1462 1326 d),
1491 1279 1616 1315 Hunni
1644 1277 1708 1315 sub
1737 1276 1898 1315 ducibus

105 1373 136 1395 ‚‚
164 1343 279 1391 Be1a‚
309 1342 466 1390 cheva,
496 1341 536 1380 &
565 1340 737 1387 cadica,
766 1342 802 1376 in
831 1341 910 1390 ripa
947 1340 1093 1378 Tibisei
1128 1340 1244 1378 castra
1282 1342 1465 1391 posuere,
1504 1342 1713 1379 Pannonias
1753 1341 1900 1377 incole=

106 1435 138 1457 „
168 1407 255 1444 bant
282 1405 433 1442 diversae
461 1415 620 1453 gentes,
648 1416 804 1451 quarum
833 1402 1014 1440 limitibus
1043 1403 1089 1439 ad
1117 1404 1302 1441 arcendos
1332 1404 1584 1442 Barbarorum
1613 1405 1813 1452 excursus,
1833 1404 1895 1440 ad-

103 1498 134 1519 „
161 1469 264 1507 versa
286 1467 454 1506 Danubii
480 1468 559 1515 ripa
582 1463 811 1511 &laxemus-7
841 1476 924 1511 aut,
951 1477 991 1502 ut
1021 1466 1083 1501 alii
1111 1466 1279 1515 tradunt,
1310 1466 1506 1504 Macrinus
1528 1467 1721 1517 praefeelus
1755 1468 1836 1505 fuit.
1861 1495 1892 1515 ,‚

106 1533 242 1570 Simon
261 1527 307 1566 de
327 1529 454 1576 Κεζα,
475 1526 715 1573 Macrinum,
741 1527 905 1567 Joannes
933 1527 979 1564 de
1008 1524 1202 1576 Thtzrocz,
1232 1529 1352 1565 modo
1375 1528 1611 1576 Matrinum,
1636 1530 1755 1566 modo
1778 1529 1895 1567 Maro

102 1592 213 1630 tinum
241 1580 453 1641 adpellant,
482 1588 718 1635 eundemque
746 1589 900 1626 natione
928 1589 1247 1641 Longobardum,
1278 1590 1367 1628 urbe
1393 1589 1556 1628 Sabaria
1576 1591 1778 1629 oriundum
1792 1591 1900 1629 fuiss‘e

103 1654 302 1690 adfirmant
329 1653 379 1701 e).
416 1679 445 1699 ‚.,
475 1652 548 1688 Hic
577 1663 654 1687 non
684 1663 745 1688 eas
772 1650 892 1688 modo
922 1652 1164 1700 provintias,
1206 1666 1286 1701 qua:
1322 1666 1418 1690 nunc
1447 1656 1636 1703 Hungaria
1662 1654 1897 1704 adpellatur,

106 1744 134 1766 „
163 1715 227 1753 sed
256 1716 368 1752 etiam
398 1714 653 1760 Dalmatiam,
692 1724 865 1760 utrasque
894 1714 1060 1768 Mylias,
1099 1714 1311 1765 Achajam,
1355 1718 1586 1764 Thrajam,
1624 1718 1895 1755 Macedoniam

103 1807 133 1827 υ
161 1777 454 1814 administrabat.
492 1776 612 1825 Igitur
649 1777 789 1813 certior
816 1789 835 1812 a
863 1777 934 1813 suis
963 1777 1076 1814 fanus
1094 1806 1106 1825 ,
1137 1780 1362 1817 Hunnorum
1403 1781 1527 1828 gentis
1556 1793 1660 1818 antea
1689 1782 1898 1829 incognitae

104 1868 136 1891 υ
167 1840 448 1888 multitudinem
476 1840 571 1877 intra
598 1839 839 1878 Provinciam
869 1840 969 1876 suam
998 1853 1133 1889 magna
1162 1843 1197 1878 vi
1227 1844 1263 1878 in
1292 1844 1372 1892 ripa
1400 1843 1544 1881 Tibisci
1572 1844 1687 1891 castra
1714 1843 1898 1894 posuisse,

105 1933 136 1954 „
166 1904 288 1942 statuit
315 1902 482 1951 Detrici‚
523 1904 587 1951 qui
623 1901 661 1939 id
701 1904 884 1953 temporis
914 1916 990 1940 non
1019 1905 1183 1942 minimae
1213 1907 1423 1943 Germania>
1451 1908 1545 1956 parti
1574 1919 1752 1957 praeerat,
1791 1906 1897 1955 quod

106 1995 135 2016 „
165 1967 201 2005 se
230 1964 400 2016 objicere
430 1977 534 2003 tantae
562 1965 795 2003 multitudini
827 1978 1037 2014 vereretur,
1066 1969 1245 2005 auxilium
1273 1969 1489 2019 implorare.
1518 1968 1553 2007 Is
1582 1970 1802 2020 conscripto
1832 1982 1896 2008 ce·

106 2058 136 2079 ⁷)
164 2029 290 2066 leriter
318 2041 460 2078 magno
490 2030 696 2065 vicinarum
725 2029 896 2066 omnium
925 2031 1120 2079 gentium,
1156 2033 1258 2071 velut
1291 2032 1337 2069 ad
1367 2046 1572 2070 commune
1601 2033 1894 2082 extinguendum

105 2120 136 2142 υ
162 2091 381 2130 incendium
409 2092 602 2145 exercitu,
631 2091 668 2128 in
696 2092 930 2130 Pannoniam
958 2093 1158 2131 adveniens
1187 2096 1224 2131 in
1255 2108 1327 2142 eo,
1366 2097 1429 2143 qui
1466 2109 1565 2133 nunc
1595 2094 1802 2145 Zazlzalom
1830 2108 1898 2133 vo-

106 2182 137 2205 „
167 2166 305 2204 catur,
346 2167 486 2205 campo
508 2183 521 2202 ‚
561 2165 637 2191 non
675 2155 794 2203 longe
830 2168 850 2191 a
877 2156 1116 2194 meridionali
1145 2159 1223 2206 ripa
1252 2158 1418 2195 Danubii
1458 2159 1640 2196 consedit.
1681 2159 1778 2196 Urbs
1818 2172 1895 2196 non

107 2245 138 2267 „
166 2217 326 2254 multum
355 2216 401 2253 ab
430 2229 476 2254 eo
505 2217 596 2255 loco
623 2217 750 2256 aberat
780 2216 1015 2266 Potentiam,
1044 2220 1140 2257 inter
1161 2232 1336 2271 campum
1362 2234 1638 2273 memoratum,
1655 2223 1691 2261 ὅ(
1709 2221 1895 2273 oppidum

107 2307 138 2330 ‚‚
173 2276 305 2317 leeten
332 2279 378 2316 ad
406 2277 576 2330 ejusdem
603 2281 767 2318 fluminis
796 2282 916 2331 ripam
944 2282 1029 2326 fita3
1058 2283 1172 2332 loco,
1194 2284 1353 2333 aliisque
1381 2285 1719 2323 commoditatibus
1746 2298 1892 2324 memo·

147 2460 184 2502 a)
214 2461 344 2493 Amm'an
383 2461 458 2494 Lib.
487 2464 610 2494 XXXI.
644 2463 723 2506 Cap.
753 2465 844 2496 XIII.
875 2462 906 2495 ὅτ
928 2463 996 2504 seq.

149 2515 179 2554 b)
203 2513 327 2546 Ibidem
355 2515 435 2558 Cap.
467 2516 559 2548 XVI.

148 2567 176 2607 ε)
200 2567 264 2598 Vid
309 2568 475 2600 Μαντείίίηἱ
503 2568 643 2600 Comitis
668 2569 855 2601 *chronicon
888 2569 927 2602 ad
958 2567 1082 2609 Hiwii,
1113 2571 1143 2603 &
1161 2570 1316 2606 Ardabmi,
1352 2574 1565 2612 Consulatum.

148 2618 192 2660 d)
218 2619 322 2651 Ola'm
353 2621 386 2652 in
415 2622 540 2660 Attila,
570 2621 599 2653 ἂ
623 2622 662 2653 de
692 2623 800 2666 Ῑ-ῙῑιιιςἼ
824 2625 861 2654 ia.

147 2671 180 2713 e)
203 2670 287 2706 Koeaa
313 2673 432 2709 Chron.
456 2684 528 2717 cap.
562 2687 592 2712 ς..
630 2676 758 2709 Thurucz
789 2680 826 2710 P.
854 2680 882 2710 Ι.
908 2676 1029 2711 Cliton.
1057 2679 1131 2721 Cap.
1168 2682 1224 2713 XI.

1460 2737 1544 2775 Yn
