2065 2927
616 98 893 137 CAPUT
972 96 1395 147 QUINTUM.
1856 109 1905 148 43

110 189 233 238 capite
267 185 512 239 rejiciendam
548 196 734 222 autumo:
781 184 868 232 quia
906 195 1043 232 nempe
1078 183 1165 221 snus
1207 181 1399 234 Vffrimiz‘
1436 184 1473 219 in
1508 193 1590 219 eam
1629 182 1906 222 Pannoniarum

116 263 260 301 partem
299 249 431 298 cadit,
467 261 548 296 quae
586 246 652 284 sub
682 248 867 285 Romanis
903 245 1109 285 vocabatur
1146 244 1334 283 Pannonia
1363 243 1549 294 inferior,
1584 254 1673 283 cum
1705 256 1828 283 tamen
1863 258 1909 284 ex

116 314 323 352 Ptolemaeo
359 310 530 359 constet,
564 310 760 360 RhIspiam
790 309 894 347 fuisse
930 309 1059 346 urbem
1091 306 1275 346 Pannonica
1293 306 1513 358 superioris.

291 375 328 412 A
367 371 570 423 Caesizriana
600 372 647 409 ad
679 373 911 410 mansionem
948 369 1130 421 Osonibus
1153 370 1290 406 dietam
1325 371 1408 406 sunt
1435 370 1504 407 M..
1532 371 1572 407 P.
1604 369 1820 420 XXVIII.,
1843 370 1906 410 seu

115 439 175 477 sex
206 436 327 474 nostra
354 436 539 473 milliaria.
573 436 812 474 Tantundem
845 435 949 484 spatii
983 433 1036 472 est
1062 446 1082 469 a
1125 429 1411 482 Tapoltza-f'o'
1444 432 1490 469 ad
1520 445 1660 483 pagum
1681 431 1812 484 ΕεΙςὸ,
1844 435 1908 482 q“ui

115 499 242 538 medio
274 499 373 546 qua‘fi
409 498 501 535 loco
533 499 627 536 inter
657 497 920 548 Vesprimium‚
955 495 995 533 ὅ(
1028 492 1200 532 Palotam
1230 494 1314 531 fitus
1344 494 1408 532 est.
1438 495 1481 533 In
1507 508 1608 546 pago
1631 493 1762 545 Eskti,
1789 510 1904 545 quem

115 573 183 611 pro
213 559 392 608 Osonibus
418 560 572 608 habeo,
606 562 765 598 inventae
791 559 872 597 sunt
903 569 1001 595 anno
1031 564 1137 605 1785.
1171 556 1250 594 duae
1283 556 1436 594 Tabulae
1471 571 1580 597 aeneae
1601 587 1613 608 ,
1657 572 1746 607 quas
1788 561 1906 610 vulgo

124 621 287 662 Tabulas
309 620 459 672 honestae
483 623 650 672 miffionis
678 633 817 661 vocant
847 621 1076 668 Antiquarii.
1109 621 1247 657 Earum
1276 619 1547 670 Inscriptiones
1578 623 1658 659 RR.
1686 621 1906 661 Ludovicus

117 683 304 736 CYapodi,
334 685 513 723 Ecclefiae
546 684 833 735 Vesprimienfis
868 683 1114 728 Canonkus,
1148 683 1274 719 mense
1305 683 1516 720 Decembri
1546 681 1715 733 ejusdem
1740 686 1825 722 anni
1859 685 1906 723 ad

115 761 176 786 me
206 748 429 792 transmisit3
467 746 530 785 sed
561 748 680 797 ipsum
714 747 1003 795 Autographum
1035 743 1213 783 Viennam
1249 745 1462 783 translatum
1496 745 1573 795 est,
1609 747 1672 783 ubi
1708 748 1745 784 in
1773 748 1908 799 praedi-

117 811 191 848 vite
223 811 332 846 sacrae
356 809 602 858 Antiquitatis
636 810 806 848 thesauro
833 808 1004 845 Caesareo
1042 807 1263 863 adservatur.
1292 809 1555 860 Pertinuerunt
1584 811 1647 848 ille
1677 811 1828 849 Tabulae
1859 812 1906 850 ad

115 873 280 910 militem
317 873 582 920 Pannonium,
619 873 772 909 nomine
798 868 1007 918 Vrfionenz,
1041 870 1267 917 Busturionis
1290 871 1454 919 Filium,
1487 884 1600 920 gente
1629 871 1812 924 Azalwn,
1840 876 1904 923 qui

122 934 319 983 postquam
347 935 472 972 XXV.
494 933 675 983 stipendia
703 934 742 969 in
767 933 944 971 Cohorte
969 933 1016 971 Π.
1045 934 1277 983 Alpinorum
1308 934 1478 984 fecisset,
1508 936 1554 972 ab
1576 936 1811 987 Imperatore
1832 936 1905 976 An·

111 994 235 1033 tonino
261 993 324 1034 Pio
353 995 545 1033 honestam
575 995 811 1044 miffionem⁹
843 996 1035 1051 ciyitatem
1069 998 1312 1045 Romanam,
1339 995 1472 1046 jusque
1508 1000 1691 1037 connubii
1725 1000 1903 1050 obtinuit,

116 1071 201 1095 cum
238 1057 404 1108 pluribus
438 1058 519 1094 aliis
549 1058 761 1108 equitibus,
798 1059 837 1097 ὅ(
872 1058 1060 1109 peditibus
1093 1059 1320 1098 diversarum
1355 1062 1537 1110 Alarum,
1573 1062 1613 1101 &
1644 1063 1903 1112 Cohomum,

114 1133 194 1167 quae
228 1131 313 1157 tunc
340 1121 378 1156 in
413 1121 604 1158 Pannonia
631 1121 824 1170 superiore
857 1121 921 1158 sub
961 1119 1117 1160 Claudio
1148 1121 1332 1162 Maximo
1368 1123 1512 1173 Legato
1547 1125 1754 1163 constitutae
1790 1138 1901 1164 erant.

119 1182 286 1219 Nomina
312 1180 493 1228 silurum„
523 1182 562 1221 &
594 1180 805 1222 Cohortium
832 1184 975 1222 illarum
997 1181 1205 1235 jucundum
1238 1187 1308 1225 erit
1331 1188 1566 1236 cognoscere
1592 1201 1637 1226 ex
1661 1188 1747 1238 iplis
1768 1188 1904 1227 Inseri-

112 1243 331 1293 ptionibus‚
365 1257 454 1293 quas
485 1244 601 1283 Libro
628 1245 697 1283 III.
730 1244 840 1296 hujus
877 1248 1002 1297 operis
1040 1248 1279 1287 reservamus.

281 1305 461 1346 Floriana
485 1307 618 1345 millib.
645 1307 731 1359 pass'.
753 1309 898 1347 XXVI.
933 1309 1042 1349 distat
1070 1310 1116 1347 ab
1146 1310 1335 1360 Osonibus.
1361 1313 1448 1350 Hoc
1478 1313 1624 1363 spatio,
1658 1313 1761 1360 quod
1795 1315 1903 1362 quin-

111 1380 183 1414 que
215 1369 338 1406 nostra
370 1371 566 1420 milliaria,
600 1371 640 1410 ἃ
667 1373 841 1410 nonnihil
872 1373 1033 1422 amplius
1063 1374 1187 1423 valet,
1225 1387 1244 1412 a
1271 1388 1373 1425 pago
1405 1374 1508 1413 Eskb·
1539 1388 1606 1425 per
1640 1373 1838 1424 Palmam,
1864 1377 1903 1415 ὃ(

109 1427 243 1468 Albam
268 1430 447 1483 Regalem
471 1435 684 1483 pervenitur
715 1435 761 1472 ad
786 1436 912 1473 vicum
942 1434 1139 1486 Velencze,
1170 1438 1233 1474 cui
1268 1437 1431 1488 proinde
1459 1436 1638 1476 Floriana
1671 1440 1812 1477 manfio
1839 1439 1901 1476 tri-

116 1490 262 1540 buenda
294 1494 365 1531 effe
398 1495 556 1533 videtur.
586 1498 661 1533 Hic
690 1498 769 1534 loci
801 1499 838 1535 in
873 1498 986 1535 Curia
1017 1499 1068 1535 D.
1101 1498 1312 1549 Meszle'nyi
1339 1501 1484 1543 Judicis
1518 1500 1719 1538 Nobilium
1747 1501 1823 1539 vidi
1854 1503 1904 1540 la·

113 1552 240 1601 pidem
274 1555 487 1594 Romanum
527 1571 634 1595 muro
669 1559 876 1608 insertum,
916 1573 961 1597 ex
995 1573 1072 1607 quo
1107 1561 1265 1608 sequens
1297 1564 1470 1613 exscripsi
1509 1565 1782 1615 Epitaphium:

757 1681 945 1718 AVETA
983 1682 1285 1723 ADNAMATI

705 1742 748 1778 F.
802 1742 890 1780 AN.
944 1744 1004 1782 Ll.
1070 1746 1116 1782 H.
1171 1747 1207 1783 S.
1264 1749 1307 1786 E.

738 1805 792 1842 M.
832 1806 1016 1844 VLPWS
1054 1808 1268 1848 CASSIVS

917 1868 1092 1907 MATRI

851 1932 897 1969 T.
975 1934 1030 1971 M.
1111 1935 1151 1973 Ρ.

282 2052 324 2090 In
357 2052 561 2103 superioris
597 2055 733 2105 lapidis
769 2068 872 2107 parte
906 2058 1031 2097 vifirur
1060 2060 1249 2112 exsculpta
1282 2063 1434 2113 peeiore
1475 2075 1580 2101 tenus
1613 2064 1756 2113 effigies
1787 2063 1902 2103 Auem

115 2110 312 2152 Adnamati
333 2114 448 2165 filiae,
480 2130 560 2164 quae
580 2146 591 2166 ‚
626 2131 663 2156 ut
697 2120 893 2170 inscriptio
925 2121 1059 2170 habet,
1088 2137 1182 2160 anno
1212 2126 1326 2163 aetatis
1358 2127 1426 2163 sua:
1463 2126 1754 2178 quinquagesimo
1772 2127 1900 2178 primo

111 2170 167 2211 hie
191 2175 340 2225 sepul:a
370 2189 460 2216 erat.
493 2178 661 2219 Marcus
683 2180 816 2233 leius
838 2184 974 2232 Caffius
996 2183 1124 2223 Matri
1157 2184 1315 2225 Titulum
1340 2187 1531 2226 [Vlemoriae
1557 2187 1691 2238 Posuit.
1725 2191 1797 2227 Pro
1822 2193 1898 2227 hoc

112 2234 288 2274 florianae
320 2239 382 2276 situ
413 2241 501 2280 facit
534 2257 688 2292 quoque
721 2246 892 2284 distantia
924 2245 1093 2298 ejusdem
1126 2249 1171 2285 ab
1198 2249 1334 2288 Acinco
1358 2253 1413 2289 M.
1444 2253 1483 2289 Ρ.
1511 2252 1637 2288 XXX.
1667 2251 1704 2288 id
1728 2252 1803 2302 est,
1831 2266 1902 2291 no-

113 2298 180 2334 stra
205 2300 264 2336 sex
293 2302 489 2353 milliaria,
523 2306 563 2344 &
591 2308 698 2344 unius
726 2308 804 2347 fere
829 2309 1042 2348 dimidium.
1070 2313 1308 2350 Tantundem
1339 2316 1438 2351 enim
1463 2314 1513 2351 est
1544 2328 1562 2350 a
1589 2313 1763 2364 Velencze
1787 2317 1899 2364 usque

111 2358 254 2399 Budam
291 2375 464 2411 veterem3
498 2380 636 2419 nempe
676 2370 723 2407 ad
754 2369 1090 2413 Ma‘rton-Vdsa‘r
1114 2389 1177 2425 2.‚
1209 2376 1255 2412 ad
1290 2375 1441 2425 Tetteny
1473 2392 1508 2415 2.
1539 2379 1629 2415 hinc
1663 2375 1807 2415 Budam
1839 2393 1899 2418 no-

117 2437 199 2462 vam
223 2437 285 2470 ις
317 2427 414 2464 unde
445 2429 566 2468 adhuc
594 2433 762 2471 medium
793 2435 870 2472 fere
899 2437 1058 2474 milliare
1089 2439 1202 2486 usque
1232 2437 1376 2476 Budam
1398 2450 1560 2478 veterem.
1592 2441 1730 2479 Fateor
1754 2453 1895 2489 tamen,

110 2486 174 2522 nisi
207 2489 384 2527 mensurae
415 2504 516 2529 nunc
546 2507 761 2539 memoratae
792 2497 1003 2547 obstarent,
1035 2501 1186 2537 mallem
1209 2500 1422 2539 Florianam
1449 2502 1609 2540 tribuere
1637 2505 1778 2542 civitati
1802 2504 1901 2543 Alhae

112 2546 266 2614 Regali,
292 2565 357 2601 per
387 2567 498 2601 quam
526 2558 695 2606 alioquin
725 2560 770 2597 ab
800 2558 904 2599 Esk&
937 2561 981 2598 ad
1007 2560 1181 2612 Velencze
1210 2565 1375 2602 tranfitus
1407 2565 1484 2614 est,
1514 2578 1590 2603 tum
1613 2567 1663 2603 ob
1687 2568 1763 2604 loci
1789 2565 1896 2618 hujus

115 2623 298 2662 majorem
332 2617 613 2670 cesebi-itatem,
648 2635 852 2672 paremque
882 2625 1167 2676 antiquitatem,
1202 2639 1277 2665 tum
1310 2630 1395 2677 quia
1427 2629 1530 2679 plura
1565 2630 1672 2668 isthic
1704 2631 1899 2668 Romano·

1472 2692 1499 2729 F
1532 2705 1552 2730 2
