2065 2927
661 73 1323 131 PRAEFATIO.

99 226 307 286 erudite‚
346 237 486 289 quam
521 218 777 279 subtiliter,
816 220 861 266 &
897 216 1093 265 nervose
1131 215 1339 266 discuffit.
1379 216 1541 282 Atque
1579 216 1678 266 haec
1714 227 1893 267 tantum

87 333 223 393 sunt,
261 343 364 394 quae
400 324 618 373 haetenus
657 319 715 369 ad
754 338 822 369 res
865 319 1079 368 Civitatis
1119 317 1398 368 Sabarienfis
1436 316 1724 367 illustrandas
1761 314 1897 368 edita

95 435 237 481 fuere.
279 428 422 477 Nunc
459 424 597 490 igitur
635 422 829 487 amplius
868 419 1006 485 quid,
1043 421 1221 468 LeGmr
1256 418 1518 479 benevole,
1557 421 1754 485 accipe3
1791 416 1888 470 An-

92 530 328 600 tiquitates
365 542 533 592 nempe
557 564 569 585 ‚
615 523 672 572 89³
721 519 968 583 Historiam
1006 519 1314 586 Sabariensem
1362 520 1416 571 ab
1453 521 1621 586 origine
1657 522 1794 588 usque
1830 521 1890 572 ad

82 633 281 699 praeskns
317 638 489 693 tempus
525 625 794 685 deduetam3
835 625 968 692 Opus
1009 642 1068 673 eo
1106 623 1254 673 modo
1292 625 1655 686 concinnatum,
1702 640 1756 671 ea
1794 624 1886 672 ela-

89 734 307 783 boratum
345 730 584 796 diligentia
607 767 620 789 ‚
669 737 719 775 ut
764 725 1068 792 (praefiscine
1107 726 1361 792 dixerim)
1412 724 1627 776 omnibus
1680 724 1882 775 historiae

90 833 326 895 studiosis,
376 835 421 882 ἂι
473 828 727 879 cultoribus
768 828 879 877 utile
919 829 1006 877 effe
1045 827 1182 893 poffit
1206 868 1219 888 ‚
1261 846 1315 877 ac
1353 830 1708 878 momentosum.
1765 830 1885 877 Non

91 938 213 985 enim
262 934 394 984 nudae
442 931 685 980 dumtaxat
731 946 883 978 rerum
933 932 1257 992 narrationes,
1310 931 1385 981 vel
1441 930 1774 997 descriptiones
1824 947 1884 978 eo

93 1039 411 1093 continentur,
437 1031 514 1081 sed
553 1032 726 1081 coaevis
763 1031 1013 1096 pleraque,
1051 1034 1126 1080 vel
1166 1045 1298 1082 aetate
1336 1034 1566 1100 proximis
1603 1032 1771 1098 partim
1809 1029 1882 1078 fir-

87 1148 268 1186 mantur
298 1175 311 1197 7
362 1136 529 1202 partim
576 1133 853 1182 illustrantur
902 1135 1253 1194 monumentis,
1306 1152 1506 1200 quorum
1561 1133 1684 1182 haud
1731 1149 1884 1200 pauca

91 1256 213 1289 nunc
267 1238 464 1305 primum
519 1253 543 1284 e
588 1232 787 1283 tenebris
837 1246 964 1282 eruta
1019 1234 1254 1302 publicam
1287 1238 1361 1285 in
1417 1237 1569 1285 lucem
1629 1234 1882 1302 prodeunt.

87 1345 381 1408 Quamquam
436 1337 494 1387 de
531 1337 585 1386 iis
624 1338 975 1400 monumentis,
1026 1355 1129 1404 quae
1182 1339 1259 1388 hic
1296 1337 1494 1389 Tabulis
1546 1339 1685 1391 aeneis
1739 1338 1884 1387 ineisa

84 1443 357 1509 vulgamus,
396 1440 457 1490 est
495 1437 767 1505 quidpiam,
817 1440 948 1506 quod
987 1443 1336 1491 excusationem
1375 1442 1630 1507 deposcere
1669 1440 1882 1503 videtur,

87 1544 303 1591 nimirum
341 1540 631 1611 Tabularum
667 1543 981 1604 inaequalitas,
1020 1546 1064 1592 &
1103 1544 1232 1607 quod
1268 1563 1338 1593 res
1377 1545 1592 1609 quaedam
1630 1545 1678 1592 in
1709 1561 1784 1592 eas
1814 1561 1882 1591 re-

84 1644 190 1690 latae
226 1639 341 1700 sint,
390 1657 491 1704 quae
546 1641 835 1704 praetermitti
879 1640 970 1688 fine
1008 1641 1254 1707 dispendio
1299 1653 1559 1708 poterant:
1617 1644 1881 1702 cujusmodi

81 1746 206 1792 forte
246 1742 349 1790 sunt
387 1739 572 1790 Gradus
600 1794 605 1799 ,
634 1737 746 1791 Tab.
787 1737 996 1791 XVIII.
1054 1743 1099 1791 ὅτ
1156 1744 1426 1809 fragmenta
1466 1742 1561 1793 duo
1610 1761 1877 1793 marmorea

88 1846 366 1893 incertarum
405 1843 679 1908 Figuratum
726 1839 836 1892 Tab.
878 1839 983 1892 XX.
1040 1844 1133 1895 Sed
1169 1854 1380 1894 neutrum
1428 1862 1455 1894 a
1492 1860 1603 1894 meo
1639 1846 1877 1912 pendebat

86 1945 304 2008 arbitrio,
343 1944 423 2009 qui
460 1943 666 1994 Tabulas
704 1961 764 1993 eo
802 1962 1029 2007 numero,
1061 1946 1213 2012 iisque
1248 1948 1416 1997 formis
1450 1948 1545 2007 jam
1583 1959 1765 2013 paratas
1803 1964 1876 1996 ac-

89 2048 230 2114 cepi,
292 2063 387 2112 quo
438 2056 650 2111 tempore
697 2063 881 2095 manum
930 2047 1273 2099 conscribendo
1321 2050 1429 2100 huic
1474 2050 1624 2118 Operi
1671 2048 1877 2099 admovi.

86 2151 318 2198 Caeterum
356 2147 533 2197 diversa
560 2146 848 2197 Tabularum
886 2151 1157 2216 magnitudo
1196 2154 1423 2218 exiguum
1458 2152 1582 2218 parit
1616 2152 1874 2201 incommo-

83 2250 225 2310 dum,
263 2251 439 2314 vixque
479 2250 945 2301 commemorandum
968 2292 981 2314 ,
1020 2269 1125 2303 cum
1162 2255 1210 2304 id
1240 2295 1253 2316 ,
1294 2254 1423 2321 quod
1460 2254 1695 2321 praecipue
1734 2256 1780 2302 in
1819 2255 1873 2302 iis

84 2352 279 2417 speetari
317 2350 480 2412 debet,
519 2352 734 2402 omnibus
771 2351 822 2402 fit
859 2356 1055 2405 numeris
1093 2355 1352 2408 absolutum
1379 2398 1393 2419 ‚
1428 2358 1654 2422 Eetypon
1699 2355 1874 2404 scilicet

84 2463 133 2502 ut
161 2453 471 2503 nitidiffimum
495 2495 508 2516 ‚
541 2457 605 2505 ita
632 2458 720 2508 suis
747 2457 1010 2525 Achetypis
1041 2457 1350 2525 undequaque
1387 2460 1653 2508 conforme·
1695 2459 1874 2508 Tantus

82 2572 197 2604 vero
236 2555 528 2608 Tabularum
574 2575 788 2610 numerus
839 2558 1163 2611 adscribendus
1208 2559 1272 2611 est
1314 2560 1581 2612 liberalitati
1625 2559 1872 2621 Faesulis,

1450 2662 1473 2700 b
1500 2675 1523 2701 2
