<?xml version="1.0" encoding="UTF-8"?>
<!DOCTYPE html PUBLIC "-//W3C//DTD XHTML 1.0 Transitional//EN"
    "http://www.w3.org/TR/xhtml1/DTD/xhtml1-transitional.dtd">
<html xmlns="http://www.w3.org/1999/xhtml" xml:lang="en" lang="en">
 <head>
  <title>
</title>
<meta http-equiv="Content-Type" content="text/html;charset=utf-8" />
  <meta name='ocr-system' content='tesseract 3.04.00' />
  <meta name='ocr-capabilities' content='ocr_page ocr_carea ocr_par ocr_line ocrx_word'/>
</head>
<body>
  <div class='ocr_page' id='page_1' title='image "antiquitatumethi00scho_0099.png"; bbox 0 0 2065 2927; ppageno 0'>
   <div class='ocr_carea' id='block_1_1' title="bbox 629 115 1924 168">
    <p class='ocr_par' dir='ltr' id='par_1_1' title="bbox 629 115 1924 168">
     <span class='ocr_line' id='line_1_1' title="bbox 629 115 1924 168; baseline -0.001 -14"><span class='ocrx_word' id='word_1_1' title='bbox 629 115 908 154; x_wconf 79' lang='lat' dir='ltr'><strong>CAPUT</strong></span> <span class='ocrx_word' id='word_1_2' title='bbox 986 115 1455 156; x_wconf 77' lang='lat' dir='ltr'><strong>SEPTIMUM.</strong></span> <span class='ocrx_word' id='word_1_3' title='bbox 1879 127 1924 168; x_wconf 74' lang='lat'>53</span> 
     </span>
    </p>
   </div>
   <div class='ocr_carea' id='block_1_2' title="bbox 132 199 1924 253">
    <p class='ocr_par' dir='ltr' id='par_1_2' title="bbox 132 199 1924 253">
     <span class='ocr_line' id='line_1_2' title="bbox 132 199 1924 253; baseline -0.001 -10"><span class='ocrx_word' id='word_1_4' title='bbox 132 205 400 245; x_wconf 74' lang='lat' dir='ltr'>Verifimiliter</span> <span class='ocrx_word' id='word_1_5' title='bbox 431 201 480 239; x_wconf 84' lang='lat' dir='ltr'>ad</span> <span class='ocrx_word' id='word_1_6' title='bbox 506 201 682 240; x_wconf 86' lang='lat' dir='ltr'>Coloniae</span> <span class='ocrx_word' id='word_1_7' title='bbox 710 203 891 239; x_wconf 81' lang='lat' dir='ltr'>Romanae</span> <span class='ocrx_word' id='word_1_8' title='bbox 919 199 1141 249; x_wconf 82' lang='lat' dir='ltr'>dignitatem</span> <span class='ocrx_word' id='word_1_9' title='bbox 1165 200 1241 253; x_wconf 80' lang='lat' dir='ltr'>jam</span> <span class='ocrx_word' id='word_1_10' title='bbox 1275 202 1321 240; x_wconf 81' lang='lat' dir='ltr'>ab</span> <span class='ocrx_word' id='word_1_11' title='bbox 1352 203 1562 241; x_wconf 66' lang='lat' dir='ltr'>Ostaviano</span> <span class='ocrx_word' id='word_1_12' title='bbox 1593 202 1768 253; x_wconf 87' lang='lat' dir='ltr'>Augusto</span> <span class='ocrx_word' id='word_1_13' title='bbox 1799 204 1924 241; x_wconf 62' lang='lat' dir='ltr'>eveaa</span> 
     </span>
    </p>
   </div>
   <div class='ocr_carea' id='block_1_3' title="bbox 122 263 1924 377">
    <p class='ocr_par' dir='ltr' id='par_1_3' title="bbox 122 263 1924 377">
     <span class='ocr_line' id='line_1_3' title="bbox 130 263 1924 316; baseline -0.001 -12"><span class='ocrx_word' id='word_1_14' title='bbox 130 268 207 304; x_wconf 87' lang='lat' dir='ltr'>est:</span> <span class='ocrx_word' id='word_1_15' title='bbox 239 269 326 304; x_wconf 88' lang='lat' dir='ltr'>hinc</span> <span class='ocrx_word' id='word_1_16' title='bbox 355 267 393 302; x_wconf 91' lang='lat' dir='ltr'>in</span> <span class='ocrx_word' id='word_1_17' title='bbox 418 263 642 313; x_wconf 86' lang='lat' dir='ltr'>quibusdam</span> <span class='ocrx_word' id='word_1_18' title='bbox 674 265 838 302; x_wconf 80' lang='lat' dir='ltr'>Gallieni</span> <span class='ocrx_word' id='word_1_19' title='bbox 870 263 1007 301; x_wconf 85' lang='lat' dir='ltr'>Numis</span> <span class='ocrx_word' id='word_1_20' title='bbox 1031 265 1239 314; x_wconf 84' lang='lat' dir='ltr'>appellatur</span> <span class='ocrx_word' id='word_1_21' title='bbox 1265 263 1401 312; x_wconf 64' lang='lat' dir='ltr'>Scisbia</span> <span class='ocrx_word' id='word_1_22' title='bbox 1430 264 1609 316; x_wconf 78' lang='lat' dir='ltr'>Augusta.</span> <span class='ocrx_word' id='word_1_23' title='bbox 1643 266 1831 303; x_wconf 62' lang='lat' dir='ltr'>Caeterum</span> <span class='ocrx_word' id='word_1_24' title='bbox 1861 278 1924 304; x_wconf 86' lang='lat' dir='ltr'>ex-</span> 
     </span>
     <span class='ocr_line' id='line_1_4' title="bbox 122 323 1921 377; baseline -0.002 -10"><span class='ocrx_word' id='word_1_25' title='bbox 122 341 179 367; x_wconf 81' lang='lat' dir='ltr'>·tat</span> <span class='ocrx_word' id='word_1_26' title='bbox 210 331 321 367; x_wconf 85' lang='lat' dir='ltr'>etiam</span> <span class='ocrx_word' id='word_1_27' title='bbox 353 329 500 365; x_wconf 88' lang='lat' dir='ltr'>Numus</span> <span class='ocrx_word' id='word_1_28' title='bbox 530 327 628 376; x_wconf 86' lang='lat' dir='ltr'><strong>Imp.</strong></span> <span class='ocrx_word' id='word_1_29' title='bbox 658 323 797 364; x_wconf 80' lang='lat' dir='ltr'><em>Aurelii</em></span> <span class='ocrx_word' id='word_1_30' title='bbox 829 323 939 364; x_wconf 56' lang='lat' dir='ltr'>Probi</span> <span class='ocrx_word' id='word_1_31' title='bbox 972 338 1059 363; x_wconf 83' lang='lat' dir='ltr'>cum</span> <span class='ocrx_word' id='word_1_32' title='bbox 1090 328 1337 377; x_wconf 83' lang='lat' dir='ltr'>inscriptione</span> <span class='ocrx_word' id='word_1_33' title='bbox 1384 327 1553 365; x_wconf 81' lang='lat' dir='ltr'><strong>SISCIA</strong></span> <span class='ocrx_word' id='word_1_34' title='bbox 1600 328 1759 366; x_wconf 84' lang='lat' dir='ltr'>PROBI</span> <span class='ocrx_word' id='word_1_35' title='bbox 1796 329 1921 366; x_wconf 86' lang='lat' dir='ltr'><strong>AVG.</strong></span> 
     </span>
    </p>
   </div>
   <div class='ocr_carea' id='block_1_4' title="bbox 127 388 1919 569">
    <p class='ocr_par' dir='ltr' id='par_1_4' title="bbox 127 388 1919 569">
     <span class='ocr_line' id='line_1_5' title="bbox 127 388 1919 440; baseline -0.002 -11"><span class='ocrx_word' id='word_1_36' title='bbox 127 392 233 439; x_wconf 84' lang='lat' dir='ltr'>quod</span> <span class='ocrx_word' id='word_1_37' title='bbox 260 402 398 440; x_wconf 83' lang='lat' dir='ltr'>nempe</span> <span class='ocrx_word' id='word_1_38' title='bbox 428 391 541 427; x_wconf 86' lang='lat' dir='ltr'>etiam</span> <span class='ocrx_word' id='word_1_39' title='bbox 576 390 665 426; x_wconf 88' lang='lat' dir='ltr'>huic</span> <span class='ocrx_word' id='word_1_40' title='bbox 696 388 921 438; x_wconf 77' lang='lat' dir='ltr'>imperatori</span> <span class='ocrx_word' id='word_1_41' title='bbox 958 388 1147 426; x_wconf 88' lang='lat' dir='ltr'>beneficio</span> <span class='ocrx_word' id='word_1_42' title='bbox 1178 391 1359 438; x_wconf 80' lang='lat' dir='ltr'>quopiam</span> <span class='ocrx_word' id='word_1_43' title='bbox 1393 390 1568 438; x_wconf 80' lang='lat' dir='ltr'>singulari</span> <span class='ocrx_word' id='word_1_44' title='bbox 1602 390 1773 427; x_wconf 62' lang='lat' dir='ltr'>devineta</span> <span class='ocrx_word' id='word_1_45' title='bbox 1797 390 1919 428; x_wconf 70' lang='lat' dir='ltr'>luerit.</span> 
     </span>
     <span class='ocr_line' id='line_1_6' title="bbox 129 449 1667 503; baseline -0.002 -11"><span class='ocrx_word' id='word_1_46' title='bbox 129 454 300 502; x_wconf 76' lang='lat' dir='ltr'>vestigia</span> <span class='ocrx_word' id='word_1_47' title='bbox 328 451 442 503; x_wconf 70' lang='lat' dir='ltr'>Sis22iae</span> <span class='ocrx_word' id='word_1_48' title='bbox 472 452 666 502; x_wconf 76' lang='lat' dir='ltr'>supersunt</span> <span class='ocrx_word' id='word_1_49' title='bbox 699 451 814 488; x_wconf 82' lang='lat' dir='ltr'>hodie</span> <span class='ocrx_word' id='word_1_50' title='bbox 852 452 892 487; x_wconf 88' lang='lat' dir='ltr'>in</span> <span class='ocrx_word' id='word_1_51' title='bbox 922 449 1036 500; x_wconf 62' lang='lat' dir='ltr'>Siffiek</span> <span class='ocrx_word' id='word_1_52' title='bbox 1070 450 1237 500; x_wconf 84' lang='lat' dir='ltr'>Capituli</span> <span class='ocrx_word' id='word_1_53' title='bbox 1264 451 1521 500; x_wconf 83' lang='lat' dir='ltr'>Zagrabienfis</span> <span class='ocrx_word' id='word_1_54' title='bbox 1555 465 1667 503; x_wconf 85' lang='lat' dir='ltr'>pago.</span> 
     </span>
     <span class='ocr_line' id='line_1_7' title="bbox 310 512 1919 569; baseline -0.001 -17"><span class='ocrx_word' id='word_1_55' title='bbox 310 513 400 555; x_wconf 77' lang='lat' dir='ltr'><em>Tab.</em></span> <span class='ocrx_word' id='word_1_56' title='bbox 421 512 472 551; x_wconf 92' lang='lat' dir='ltr'>X.</span> <span class='ocrx_word' id='word_1_57' title='bbox 506 517 631 564; x_wconf 83' lang='lat' dir='ltr'>Prope</span> <span class='ocrx_word' id='word_1_58' title='bbox 657 514 848 552; x_wconf 78' lang='lat' dir='ltr'>sabariam</span> <span class='ocrx_word' id='word_1_59' title='bbox 876 515 914 551; x_wconf 91' lang='lat' dir='ltr'>in</span> <span class='ocrx_word' id='word_1_60' title='bbox 944 526 1044 563; x_wconf 84' lang='lat' dir='ltr'>pago</span> <span class='ocrx_word' id='word_1_61' title='bbox 1077 513 1366 569; x_wconf 74' lang='lat' dir='ltr'>Szent-Kiraly</span> <span class='ocrx_word' id='word_1_62' title='bbox 1396 516 1507 565; x_wconf 81' lang='lat' dir='ltr'>Lapis</span> <span class='ocrx_word' id='word_1_63' title='bbox 1540 528 1651 552; x_wconf 85' lang='lat' dir='ltr'>muro</span> <span class='ocrx_word' id='word_1_64' title='bbox 1685 514 1816 564; x_wconf 85' lang='lat' dir='ltr'>templi</span> <span class='ocrx_word' id='word_1_65' title='bbox 1850 515 1919 551; x_wconf 78' lang='lat' dir='ltr'>iui-</span> 
     </span>
    </p>
   </div>
   <div class='ocr_carea' id='block_1_5' title="bbox 121 577 810 627">
    <p class='ocr_par' dir='ltr' id='par_1_5' title="bbox 121 577 810 627">
     <span class='ocr_line' id='line_1_8' title="bbox 121 577 810 627; baseline -0.003 -12"><span class='ocrx_word' id='word_1_66' title='bbox 121 577 265 627; x_wconf 77' lang='lat' dir='ltr'>-pofims</span> <span class='ocrx_word' id='word_1_67' title='bbox 298 579 375 615; x_wconf 89' lang='lat' dir='ltr'>hoc</span> <span class='ocrx_word' id='word_1_68' title='bbox 406 577 638 626; x_wconf 83' lang='lat' dir='ltr'>epitaphium</span> <span class='ocrx_word' id='word_1_69' title='bbox 675 577 810 615; x_wconf 82' lang='lat' dir='ltr'>habet:</span> 
     </span>
    </p>
   </div>
   <div class='ocr_carea' id='block_1_6' title="bbox 122 698 1967 1063">
    <p class='ocr_par' dir='ltr' id='par_1_6' title="bbox 122 698 1967 1063">
     <span class='ocr_line' id='line_1_9' title="bbox 407 698 1746 740; baseline -0.001 0"><span class='ocrx_word' id='word_1_70' title='bbox 407 703 462 740; x_wconf 89' lang='lat' dir='ltr'>M.</span> <span class='ocrx_word' id='word_1_71' title='bbox 504 700 694 739; x_wconf 86' lang='lat' dir='ltr'><strong>AVREL.</strong></span> <span class='ocrx_word' id='word_1_72' title='bbox 739 700 1006 739; x_wconf 85' lang='lat' dir='ltr'><strong>ROMANVS</strong></span> <span class='ocrx_word' id='word_1_73' title='bbox 1299 699 1468 739; x_wconf 78' lang='lat' dir='ltr'>Marcus</span> <span class='ocrx_word' id='word_1_74' title='bbox 1493 698 1664 739; x_wconf 80' lang='lat' dir='ltr'>Aurelius</span> <span class='ocrx_word' id='word_1_75' title='bbox 1689 721 1704 728; x_wconf 94' lang='lat'><em>-</em></span> <span class='ocrx_word' id='word_1_76' title='bbox 1730 722 1746 729; x_wconf 87' lang='lat'><em>-</em></span> 
     </span>
     <span class='ocr_line' id='line_1_10' title="bbox 518 760 1649 801; baseline 0 0"><span class='ocrx_word' id='word_1_77' title='bbox 518 765 656 801; x_wconf 87' lang='lat' dir='ltr'><strong>DOM.</strong></span> <span class='ocrx_word' id='word_1_78' title='bbox 682 762 909 801; x_wconf 89' lang='lat' dir='ltr'><strong>ANTIOC.</strong></span> <span class='ocrx_word' id='word_1_79' title='bbox 1302 763 1426 801; x_wconf 88' lang='lat' dir='ltr'><em>Domo</em></span> <span class='ocrx_word' id='word_1_80' title='bbox 1454 760 1649 801; x_wconf 75' lang='lat' dir='ltr'>Antiochia</span> 
     </span>
     <span class='ocr_line' id='line_1_11' title="bbox 433 821 1917 877; baseline 0.001 -14"><span class='ocrx_word' id='word_1_81' title='bbox 433 827 557 864; x_wconf 87' lang='lat' dir='ltr'>VET.</span> <span class='ocrx_word' id='word_1_82' title='bbox 585 827 700 863; x_wconf 91' lang='lat' dir='ltr'>LEG.</span> <span class='ocrx_word' id='word_1_83' title='bbox 729 826 778 862; x_wconf 92' lang='lat' dir='ltr'>X.</span> <span class='ocrx_word' id='word_1_84' title='bbox 807 827 853 863; x_wconf 90' lang='lat' dir='ltr'>G.</span> <span class='ocrx_word' id='word_1_85' title='bbox 883 825 930 862; x_wconf 92' lang='lat' dir='ltr'>V.</span> <span class='ocrx_word' id='word_1_86' title='bbox 959 823 1000 860; x_wconf 84' lang='lat' dir='ltr'>F.</span> <span class='ocrx_word' id='word_1_87' title='bbox 1040 821 1246 863; x_wconf 66' lang='lat' dir='ltr'>Veteranus</span> <span class='ocrx_word' id='word_1_88' title='bbox 1263 823 1441 877; x_wconf 82' lang='lat' dir='ltr'>Legionis</span> <span class='ocrx_word' id='word_1_89' title='bbox 1452 824 1503 863; x_wconf 88' lang='lat' dir='ltr'>X.</span> <span class='ocrx_word' id='word_1_90' title='bbox 1518 824 1664 877; x_wconf 45' lang='lat' dir='ltr'>geminis</span> <span class='ocrx_word' id='word_1_91' title='bbox 1689 823 1804 865; x_wconf 74' lang='lat' dir='ltr'>Vivus</span> <span class='ocrx_word' id='word_1_92' title='bbox 1815 825 1917 875; x_wconf 75' lang='lat' dir='ltr'>fecit</span> 
     </span>
     <span class='ocr_line' id='line_1_12' title="bbox 331 886 1967 926; baseline -0.001 -1"><span class='ocrx_word' id='word_1_93' title='bbox 331 887 420 926; x_wconf 81' lang='lat' dir='ltr'>SIB.</span> <span class='ocrx_word' id='word_1_94' title='bbox 451 890 521 926; x_wconf 87' lang='grc' dir='ltr'>ΕΤ</span> <span class='ocrx_word' id='word_1_95' title='bbox 549 887 765 926; x_wconf 84' lang='lat' dir='ltr'><strong>ATERIAE</strong></span> <span class='ocrx_word' id='word_1_96' title='bbox 794 886 1003 925; x_wconf 89' lang='lat' dir='ltr'><strong>SABINAE</strong></span> <span class='ocrx_word' id='word_1_97' title='bbox 1031 907 1046 913; x_wconf 96' lang='lat'>-</span> <span class='ocrx_word' id='word_1_98' title='bbox 1072 907 1085 913; x_wconf 84' lang='lat'><strong>·</strong></span> <span class='ocrx_word' id='word_1_99' title='bbox 1114 908 1128 914; x_wconf 94' lang='lat'>-</span> <span class='ocrx_word' id='word_1_100' title='bbox 1963 908 1967 917; x_wconf 60' lang='grc' dir='ltr'><em>ι</em></span> 
     </span>
     <span class='ocr_line' id='line_1_13' title="bbox 122 948 1313 988; baseline 0 -2"><span class='ocrx_word' id='word_1_101' title='bbox 122 949 267 988; x_wconf 68' lang='lat' dir='ltr'>CONI.</span> <span class='ocrx_word' id='word_1_102' title='bbox 298 950 385 988; x_wconf 81' lang='lat' dir='ltr'>AN.</span> <span class='ocrx_word' id='word_1_103' title='bbox 414 951 494 988; x_wconf 88' lang='lat' dir='ltr'>LX.</span> <span class='ocrx_word' id='word_1_104' title='bbox 523 952 594 988; x_wconf 89' lang='grc' dir='ltr'>ΕΤ</span> <span class='ocrx_word' id='word_1_105' title='bbox 621 950 676 987; x_wconf 92' lang='grc' dir='ltr'>Μ.</span> <span class='ocrx_word' id='word_1_106' title='bbox 703 948 945 987; x_wconf 88' lang='lat' dir='ltr'>AVRELIO</span> <span class='ocrx_word' id='word_1_107' title='bbox 972 948 1313 987; x_wconf 89' lang='lat' dir='ltr'><strong>ROMANIANO</strong></span> 
     </span>
     <span class='ocr_line' id='line_1_14' title="bbox 257 1010 1509 1063; baseline -0.001 -14"><span class='ocrx_word' id='word_1_108' title='bbox 257 1012 396 1049; x_wconf 84' lang='lat' dir='ltr'>FILIO</span> <span class='ocrx_word' id='word_1_109' title='bbox 435 1011 683 1050; x_wconf 80' lang='lat' dir='ltr'>AVRELIAE</span> <span class='ocrx_word' id='word_1_110' title='bbox 720 1011 967 1050; x_wconf 78' lang='lat' dir='ltr'><strong>VALERIAE</strong></span> <span class='ocrx_word' id='word_1_111' title='bbox 1005 1011 1172 1049; x_wconf 88' lang='lat' dir='ltr'>CNVG.</span> <span class='ocrx_word' id='word_1_112' title='bbox 1348 1010 1509 1063; x_wconf 77' lang='lat' dir='ltr'>Conjugi.</span> 
     </span>
    </p>
   </div>
   <div class='ocr_carea' id='block_1_7' title="bbox 113 1133 1910 1249">
    <p class='ocr_par' dir='ltr' id='par_1_7' title="bbox 113 1133 1910 1249">
     <span class='ocr_line' id='line_1_15' title="bbox 282 1133 1910 1190; baseline 0.002 -19"><span class='ocrx_word' id='word_1_113' title='bbox 282 1135 557 1190; x_wconf 84' lang='lat' dir='ltr'>Anaglyphum</span> <span class='ocrx_word' id='word_1_114' title='bbox 586 1133 696 1184; x_wconf 76' lang='lat' dir='ltr'>hujus</span> <span class='ocrx_word' id='word_1_115' title='bbox 725 1136 861 1186; x_wconf 84' lang='lat' dir='ltr'>lapidis</span> <span class='ocrx_word' id='word_1_116' title='bbox 891 1135 1044 1173; x_wconf 80' lang='lat' dir='ltr'>exhibet</span> <span class='ocrx_word' id='word_1_117' title='bbox 1070 1135 1159 1172; x_wconf 86' lang='lat' dir='ltr'>duas</span> <span class='ocrx_word' id='word_1_118' title='bbox 1189 1135 1439 1183; x_wconf 81' lang='lat' dir='ltr'>columellas,</span> <span class='ocrx_word' id='word_1_119' title='bbox 1469 1133 1566 1172; x_wconf 86' lang='lat' dir='ltr'>duos</span> <span class='ocrx_word' id='word_1_120' title='bbox 1588 1147 1699 1174; x_wconf 86' lang='lat' dir='ltr'>canes</span> <span class='ocrx_word' id='word_1_121' title='bbox 1717 1137 1910 1175; x_wconf 81' lang='lat' dir='ltr'>venaticos</span> 
     </span>
     <span class='ocr_line' id='line_1_16' title="bbox 113 1198 1035 1249; baseline 0 -14"><span class='ocrx_word' id='word_1_122' title='bbox 113 1198 285 1249; x_wconf 83' lang='lat' dir='ltr'>leporem</span> <span class='ocrx_word' id='word_1_123' title='bbox 322 1200 611 1249; x_wconf 78' lang='lat' dir='ltr'>persequentes,</span> <span class='ocrx_word' id='word_1_124' title='bbox 641 1199 682 1238; x_wconf 71' lang='grc' dir='ltr'>ὅ(</span> <span class='ocrx_word' id='word_1_125' title='bbox 713 1211 826 1249; x_wconf 82' lang='lat' dir='ltr'>caput</span> <span class='ocrx_word' id='word_1_126' title='bbox 857 1198 1035 1237; x_wconf 75' lang='lat' dir='ltr'>Medusae.</span> 
     </span>
    </p>
   </div>
   <div class='ocr_carea' id='block_1_8' title="bbox 113 1312 315 1326">
    <p class='ocr_par' dir='ltr' id='par_1_8' title="bbox 113 1312 315 1326">
     <span class='ocr_line' id='line_1_17' title="bbox 113 1312 315 1326; baseline 0 0"><span class='ocrx_word' id='word_1_127' title='bbox 113 1312 315 1326; x_wconf 95' lang='lat' dir='ltr'> </span> 
     </span>
    </p>
   </div>
   <div class='ocr_carea' id='block_1_9' title="bbox 416 1457 1605 1617">
    <p class='ocr_par' dir='ltr' id='par_1_9' title="bbox 416 1457 1605 1617">
     <span class='ocr_line' id='line_1_18' title="bbox 726 1457 1294 1506; baseline -0.002 -2"><span class='ocrx_word' id='word_1_128' title='bbox 726 1458 767 1504; x_wconf 85' lang='lat' dir='ltr'>C</span> <span class='ocrx_word' id='word_1_129' title='bbox 805 1457 855 1504; x_wconf 86' lang='lat' dir='ltr'>A</span> <span class='ocrx_word' id='word_1_130' title='bbox 892 1458 930 1505; x_wconf 90' lang='lat' dir='ltr'>P</span> <span class='ocrx_word' id='word_1_131' title='bbox 969 1458 1016 1505; x_wconf 91' lang='lat' dir='ltr'>U</span> <span class='ocrx_word' id='word_1_132' title='bbox 1056 1457 1100 1503; x_wconf 89' lang='lat' dir='ltr'>T</span> <span class='ocrx_word' id='word_1_133' title='bbox 1189 1457 1294 1506; x_wconf 80' lang='lat' dir='ltr'><strong>VII.</strong></span> 
     </span>
     <span class='ocr_line' id='line_1_19' title="bbox 416 1555 1605 1617; baseline 0.002 -19"><span class='ocrx_word' id='word_1_134' title='bbox 416 1555 679 1612; x_wconf 64' lang='lat' dir='ltr'>Irgfi-riptiones</span> <span class='ocrx_word' id='word_1_135' title='bbox 708 1559 969 1617; x_wconf 71' lang='lat' dir='ltr'>Sabarienses,</span> <span class='ocrx_word' id='word_1_136' title='bbox 1001 1563 1036 1600; x_wconf 85' lang='lat' dir='ltr'>in</span> <span class='ocrx_word' id='word_1_137' title='bbox 1069 1562 1171 1602; x_wconf 80' lang='lat' dir='ltr'>libris</span> <span class='ocrx_word' id='word_1_138' title='bbox 1202 1568 1352 1603; x_wconf 74' lang='lat' dir='ltr'>tantum</span> <span class='ocrx_word' id='word_1_139' title='bbox 1370 1556 1605 1614; x_wconf 60' lang='lat' dir='ltr'>stiperstttes„</span> 
     </span>
    </p>
   </div>
   <div class='ocr_carea' id='block_1_10' title="bbox 108 1654 1902 1870">
    <p class='ocr_par' dir='ltr' id='par_1_10' title="bbox 108 1654 1902 1870">
     <span class='ocr_line' id='line_1_20' title="bbox 144 1654 163 1674; baseline 0 0"><span class='ocrx_word' id='word_1_140' title='bbox 144 1654 163 1674; x_wconf 66' lang='grc' dir='ltr'>Ἰ</span> 
     </span>
     <span class='ocr_line' id='line_1_21' title="bbox 111 1654 1902 1749; baseline 0.002 -16"><span class='ocrx_word' id='word_1_141' title='bbox 111 1654 454 1741; x_wconf 59' lang='grc' dir='ltr'>ὃΕρυΕΝΤΕΒ</span> <span class='ocrx_word' id='word_1_142' title='bbox 491 1696 753 1747; x_wconf 73' lang='lat' dir='ltr'>inscriptiones</span> <span class='ocrx_word' id='word_1_143' title='bbox 784 1699 899 1736; x_wconf 81' lang='lat' dir='ltr'>hodie</span> <span class='ocrx_word' id='word_1_144' title='bbox 928 1700 965 1735; x_wconf 83' lang='lat' dir='ltr'>in</span> <span class='ocrx_word' id='word_1_145' title='bbox 999 1700 1104 1737; x_wconf 82' lang='lat' dir='ltr'>libris</span> <span class='ocrx_word' id='word_1_146' title='bbox 1131 1712 1272 1740; x_wconf 77' lang='lat' dir='ltr'>tantum</span> <span class='ocrx_word' id='word_1_147' title='bbox 1301 1700 1502 1749; x_wconf 83' lang='lat' dir='ltr'>supersunt.</span> <span class='ocrx_word' id='word_1_148' title='bbox 1533 1698 1694 1747; x_wconf 81' lang='lat' dir='ltr'>Lapides</span> <span class='ocrx_word' id='word_1_149' title='bbox 1723 1702 1822 1738; x_wconf 85' lang='lat' dir='ltr'>enim</span> <span class='ocrx_word' id='word_1_150' title='bbox 1847 1703 1902 1737; x_wconf 88' lang='lat' dir='ltr'>in-</span> 
     </span>
     <span class='ocr_line' id='line_1_22' title="bbox 109 1757 1902 1814; baseline 0.004 -21"><span class='ocrx_word' id='word_1_151' title='bbox 109 1757 295 1794; x_wconf 81' lang='lat' dir='ltr'>terierunt.</span> <span class='ocrx_word' id='word_1_152' title='bbox 326 1759 483 1795; x_wconf 73' lang='lat' dir='ltr'>Scilicet</span> <span class='ocrx_word' id='word_1_153' title='bbox 514 1771 615 1796; x_wconf 81' lang='lat' dir='ltr'><em>mors</em></span> <span class='ocrx_word' id='word_1_154' title='bbox 638 1759 747 1796; x_wconf 81' lang='lat' dir='ltr'>etiam</span> <span class='ocrx_word' id='word_1_155' title='bbox 769 1760 883 1810; x_wconf 79' lang='lat' dir='ltr'>faxis</span> <span class='ocrx_word' id='word_1_156' title='bbox 910 1762 1224 1814; x_wconf 73' lang='lat' dir='ltr'>marmoribusque</span> <span class='ocrx_word' id='word_1_157' title='bbox 1253 1763 1363 1801; x_wconf 77' lang='lat' dir='ltr'>venit:</span> <span class='ocrx_word' id='word_1_158' title='bbox 1397 1762 1494 1799; x_wconf 84' lang='lat' dir='ltr'>adeo</span> <span class='ocrx_word' id='word_1_159' title='bbox 1523 1761 1617 1797; x_wconf 88' lang='lat' dir='ltr'>nihil</span> <span class='ocrx_word' id='word_1_160' title='bbox 1642 1762 1679 1797; x_wconf 88' lang='lat' dir='ltr'>in</span> <span class='ocrx_word' id='word_1_161' title='bbox 1701 1762 1811 1799; x_wconf 80' lang='lat' dir='ltr'>rebus</span> <span class='ocrx_word' id='word_1_162' title='bbox 1834 1766 1902 1800; x_wconf 85' lang='lat' dir='ltr'>hu-</span> 
     </span>
     <span class='ocr_line' id='line_1_23' title="bbox 108 1820 572 1870; baseline 0.004 -15"><span class='ocrx_word' id='word_1_163' title='bbox 108 1820 228 1856; x_wconf 86' lang='lat' dir='ltr'>manis</span> <span class='ocrx_word' id='word_1_164' title='bbox 255 1832 476 1870; x_wconf 80' lang='lat' dir='ltr'>perpetuum</span> <span class='ocrx_word' id='word_1_165' title='bbox 509 1821 572 1857; x_wconf 88' lang='lat' dir='ltr'>est.</span> 
     </span>
    </p>
   </div>
   <div class='ocr_carea' id='block_1_11' title="bbox 103 1881 1898 1984">
    <p class='ocr_par' dir='ltr' id='par_1_11' title="bbox 103 1881 1898 1984">
     <span class='ocr_line' id='line_1_24' title="bbox 282 1881 1898 1939; baseline 0.004 -20"><span class='ocrx_word' id='word_1_166' title='bbox 282 1896 311 1919; x_wconf 78' lang='grc' dir='ltr'>ι.</span> <span class='ocrx_word' id='word_1_167' title='bbox 339 1883 454 1933; x_wconf 84' lang='lat' dir='ltr'>Apud</span> <span class='ocrx_word' id='word_1_168' title='bbox 479 1882 619 1925; x_wconf 83' lang='lat' dir='ltr'>Jordan</span> <span class='ocrx_word' id='word_1_169' title='bbox 654 1883 703 1920; x_wconf 90' lang='lat' dir='ltr'>de</span> <span class='ocrx_word' id='word_1_170' title='bbox 738 1884 844 1935; x_wconf 78' lang='lat' dir='ltr'>Orig.</span> <span class='ocrx_word' id='word_1_171' title='bbox 868 1883 965 1926; x_wconf 82' lang='lat' dir='ltr'><em>Slav.</em></span> <span class='ocrx_word' id='word_1_172' title='bbox 991 1881 1138 1937; x_wconf 66' lang='grc' dir='ltr'>Λάραν,</span> <span class='ocrx_word' id='word_1_173' title='bbox 1161 1887 1296 1939; x_wconf 82' lang='lat' dir='ltr'>Geogr.</span> <span class='ocrx_word' id='word_1_174' title='bbox 1329 1899 1423 1939; x_wconf 69' lang='lat' dir='ltr'>pag.</span> <span class='ocrx_word' id='word_1_175' title='bbox 1448 1897 1511 1923; x_wconf 88' lang='lat'>111.</span> <span class='ocrx_word' id='word_1_176' title='bbox 1545 1886 1657 1935; x_wconf 84' lang='lat' dir='ltr'>Lapis</span> <span class='ocrx_word' id='word_1_177' title='bbox 1690 1887 1753 1924; x_wconf 91' lang='lat' dir='ltr'>sub</span> <span class='ocrx_word' id='word_1_178' title='bbox 1789 1899 1898 1937; x_wconf 87' lang='lat' dir='ltr'>porta</span> 
     </span>
     <span class='ocr_line' id='line_1_25' title="bbox 103 1945 669 1984; baseline 0.005 -3"><span class='ocrx_word' id='word_1_179' title='bbox 103 1946 236 1983; x_wconf 72' lang='lat' dir='ltr'>veteris</span> <span class='ocrx_word' id='word_1_180' title='bbox 267 1946 380 1983; x_wconf 68' lang='lat' dir='ltr'>Arois</span> <span class='ocrx_word' id='word_1_181' title='bbox 422 1945 669 1984; x_wconf 78' lang='lat' dir='ltr'>Sabarienfis:</span> 
     </span>
    </p>
   </div>
   <div class='ocr_carea' id='block_1_12' title="bbox 527 2070 1453 2672">
    <p class='ocr_par' dir='ltr' id='par_1_12' title="bbox 527 2070 1453 2672">
     <span class='ocr_line' id='line_1_26' title="bbox 671 2070 1321 2112; baseline 0.009 -5"><span class='ocrx_word' id='word_1_182' title='bbox 671 2071 712 2107; x_wconf 88' lang='lat' dir='ltr'>L.</span> <span class='ocrx_word' id='word_1_183' title='bbox 741 2071 858 2108; x_wconf 85' lang='lat' dir='ltr'>VAL.</span> <span class='ocrx_word' id='word_1_184' title='bbox 888 2072 928 2107; x_wconf 89' lang='lat' dir='ltr'>L.</span> <span class='ocrx_word' id='word_1_185' title='bbox 956 2070 1047 2109; x_wconf 82' lang='lat' dir='ltr'>FIL.</span> <span class='ocrx_word' id='word_1_186' title='bbox 1078 2073 1153 2110; x_wconf 87' lang='lat' dir='ltr'>CL.</span> <span class='ocrx_word' id='word_1_187' title='bbox 1183 2074 1321 2112; x_wconf 83' lang='lat' dir='ltr'><strong>CENS</strong></span> 
     </span>
     <span class='ocr_line' id='line_1_27' title="bbox 616 2132 1370 2175; baseline 0.008 -6"><span class='ocrx_word' id='word_1_188' title='bbox 616 2132 816 2170; x_wconf 80' lang='lat' dir='ltr'>ORINVS</span> <span class='ocrx_word' id='word_1_189' title='bbox 856 2133 979 2170; x_wconf 83' lang='lat' dir='ltr'><strong>DEC.</strong></span> <span class='ocrx_word' id='word_1_190' title='bbox 1017 2134 1063 2171; x_wconf 82' lang='lat' dir='ltr'>c.</span> <span class='ocrx_word' id='word_1_191' title='bbox 1093 2135 1139 2172; x_wconf 89' lang='lat' dir='ltr'>C.</span> <span class='ocrx_word' id='word_1_192' title='bbox 1168 2137 1204 2174; x_wconf 87' lang='lat' dir='ltr'>s.</span> <span class='ocrx_word' id='word_1_193' title='bbox 1232 2137 1370 2175; x_wconf 82' lang='lat' dir='ltr'>ITEM</span> 
     </span>
     <span class='ocr_line' id='line_1_28' title="bbox 566 2186 1424 2238; baseline 0.003 -5"><span class='ocrx_word' id='word_1_194' title='bbox 566 2198 688 2234; x_wconf 81' lang='lat' dir='ltr'><strong>VET.</strong></span> <span class='ocrx_word' id='word_1_195' title='bbox 726 2197 840 2234; x_wconf 79' lang='lat' dir='ltr'>LEG.</span> <span class='ocrx_word' id='word_1_196' title='bbox 874 2186 909 2234; x_wconf 76' lang='grc' dir='ltr'>ἶ.</span> <span class='ocrx_word' id='word_1_197' title='bbox 947 2195 1036 2233; x_wconf 86' lang='lat' dir='ltr'>AD.</span> <span class='ocrx_word' id='word_1_198' title='bbox 1075 2198 1147 2235; x_wconf 80' lang='lat' dir='ltr'>Ex</span> <span class='ocrx_word' id='word_1_199' title='bbox 1188 2199 1263 2237; x_wconf 89' lang='lat' dir='ltr'>BF.</span> <span class='ocrx_word' id='word_1_200' title='bbox 1310 2199 1424 2238; x_wconf 84' lang='lat' dir='ltr'>cos.</span> 
     </span>
     <span class='ocr_line' id='line_1_29' title="bbox 614 2256 1368 2299; baseline 0.007 -4"><span class='ocrx_word' id='word_1_201' title='bbox 614 2256 674 2295; x_wconf 80' lang='grc' dir='ltr'>ΑΙ.</span> <span class='ocrx_word' id='word_1_202' title='bbox 697 2260 744 2295; x_wconf 77' lang='lat' dir='ltr'>v.</span> <span class='ocrx_word' id='word_1_203' title='bbox 774 2259 814 2295; x_wconf 88' lang='lat' dir='ltr'>F.</span> <span class='ocrx_word' id='word_1_204' title='bbox 845 2260 882 2296; x_wconf 81' lang='lat' dir='ltr'>s.</span> <span class='ocrx_word' id='word_1_205' title='bbox 913 2260 982 2296; x_wconf 84' lang='lat' dir='ltr'>ET</span> <span class='ocrx_word' id='word_1_206' title='bbox 1010 2259 1218 2299; x_wconf 86' lang='lat' dir='ltr'><strong>FLAVIAE</strong></span> <span class='ocrx_word' id='word_1_207' title='bbox 1246 2261 1368 2299; x_wconf 84' lang='lat' dir='ltr'><strong>INSE</strong></span> 
     </span>
     <span class='ocr_line' id='line_1_30' title="bbox 527 2321 1453 2369; baseline 0.005 -12"><span class='ocrx_word' id='word_1_208' title='bbox 527 2321 855 2369; x_wconf 70' lang='lat' dir='ltr'>QVENTINAE</span> <span class='ocrx_word' id='word_1_209' title='bbox 885 2321 1011 2358; x_wconf 86' lang='lat' dir='ltr'><strong>CON.</strong></span> <span class='ocrx_word' id='word_1_210' title='bbox 1040 2321 1099 2359; x_wconf 81' lang='grc' dir='ltr'>ΑΙ.</span> <span class='ocrx_word' id='word_1_211' title='bbox 1128 2323 1196 2360; x_wconf 80' lang='lat' dir='ltr'>lx.</span> <span class='ocrx_word' id='word_1_212' title='bbox 1235 2326 1306 2361; x_wconf 84' lang='lat' dir='ltr'>ET</span> <span class='ocrx_word' id='word_1_213' title='bbox 1347 2323 1453 2362; x_wconf 80' lang='lat' dir='ltr'>vAL</span> 
     </span>
     <span class='ocr_line' id='line_1_31' title="bbox 692 2383 1290 2423; baseline 0 -3"><span class='ocrx_word' id='word_1_214' title='bbox 692 2383 806 2420; x_wconf 61' lang='lat' dir='ltr'>Eme</span> <span class='ocrx_word' id='word_1_215' title='bbox 837 2383 1192 2423; x_wconf 67' lang='lat' dir='ltr'>CENSORIANO</span> <span class='ocrx_word' id='word_1_216' title='bbox 1230 2383 1290 2422; x_wconf 75' lang='lat' dir='ltr'>As.</span> 
     </span>
     <span class='ocr_line' id='line_1_32' title="bbox 609 2443 1366 2485; baseline 0.007 -5"><span class='ocrx_word' id='word_1_217' title='bbox 609 2443 962 2483; x_wconf 72' lang='lat' dir='ltr'>FLORENTlNO</span> <span class='ocrx_word' id='word_1_218' title='bbox 1013 2445 1074 2483; x_wconf 71' lang='grc' dir='ltr'>ΑΙ.</span> <span class='ocrx_word' id='word_1_219' title='bbox 1123 2448 1366 2485; x_wconf 72' lang='lat' dir='ltr'>VENERIO</span> 
     </span>
     <span class='ocr_line' id='line_1_33' title="bbox 561 2503 1409 2547; baseline 0.007 -6"><span class='ocrx_word' id='word_1_220' title='bbox 561 2503 621 2542; x_wconf 77' lang='grc' dir='ltr'>ΑΙ.</span> <span class='ocrx_word' id='word_1_221' title='bbox 684 2508 985 2545; x_wconf 68' lang='lat' dir='ltr'>VETERANO</span> <span class='ocrx_word' id='word_1_222' title='bbox 1040 2507 1099 2545; x_wconf 72' lang='grc' dir='ltr'>ΑΙ.</span> <span class='ocrx_word' id='word_1_223' title='bbox 1162 2511 1232 2547; x_wconf 80' lang='lat' dir='ltr'>ET</span> <span class='ocrx_word' id='word_1_224' title='bbox 1297 2510 1409 2547; x_wconf 79' lang='lat' dir='ltr'>CEN</span> 
     </span>
     <span class='ocr_line' id='line_1_34' title="bbox 612 2568 1353 2623; baseline 0.009 -19"><span class='ocrx_word' id='word_1_225' title='bbox 612 2568 904 2608; x_wconf 71' lang='lat' dir='ltr'>SORINILLAE</span> <span class='ocrx_word' id='word_1_226' title='bbox 933 2570 992 2608; x_wconf 74' lang='grc' dir='ltr'>ΑΙ,</span> <span class='ocrx_word' id='word_1_227' title='bbox 1017 2571 1143 2609; x_wconf 71' lang='lat' dir='ltr'>fims</span> <span class='ocrx_word' id='word_1_228' title='bbox 1177 2573 1353 2623; x_wconf 65' lang='lat' dir='ltr'><strong>[TEMQ</strong></span> 
     </span>
     <span class='ocr_line' id='line_1_35' title="bbox 740 2631 1223 2672; baseline 0.004 -4"><span class='ocrx_word' id='word_1_229' title='bbox 740 2631 831 2669; x_wconf 62' lang='grc' dir='ltr'>ΜΒ.</span> <span class='ocrx_word' id='word_1_230' title='bbox 921 2633 1012 2671; x_wconf 75' lang='lat' dir='ltr'>Lm.</span> <span class='ocrx_word' id='word_1_231' title='bbox 1102 2634 1223 2672; x_wconf 72' lang='lat' dir='ltr'>svis.</span> 
     </span>
    </p>
   </div>
  </div>
 </body>
</html>
