2065 2927
178 108 229 154 ῃ
781 88 1024 133 LIBRI
1103 93 1354 134 PRIMI

354 223 388 263 5.
415 209 531 261 Apud
551 207 718 248 Gudium
743 219 780 258 p.
802 217 1025 245 CLxxxv111.
1050 219 1080 245 1.
1102 207 1142 246 ὃ(
1164 206 1262 257 apud
1285 206 1558 257 Veffelingiurn
1580 207 1665 248 Itin.
1688 207 1765 247 Ant
1789 224 1831 261 p.
1854 223 1935 260 23²·

524 304 631 344 MIL.
658 304 774 342 LEG.
802 303 849 341 II.
876 303 1101 342 ADIVTR.
1230 302 1348 344 Miles
1370 304 1547 357 Legionis
1568 306 1616 344 ll.
1640 305 1842 360 Acgy'utricis

462 369 625 408 FRVM.
679 367 848 406 DOMO
901 366 1149 406 SAVARIA.
1221 365 1501 408 Frumentarius
1528 393 1541 400 -
1570 392 1584 398 -

237 249 261 274 a(

352 499 388 539 6.
415 496 532 548 Apud
552 495 772 535 Fabrettum
794 505 878 544 cap.
900 501 936 541 5.
964 492 1140 543 Inscript.
1162 493 1277 530 Rom.
1298 505 1336 543 p.
1360 498 1419 536 86.

612 620 690 659 CL.
789 617 1038 658 SAVARIA.
1216 614 1376 657 claudia
1402 618 1574 663 Savaria.
1599 648 1608 653 Ἀ

347 762 386 801 7.
413 747 529 799 Apud
558 748 760 785 Gruterum
792 756 877 794 pag.
906 753 1066 781 chxlv.
1094 755 1123 780 1.
1157 755 1177 780 e
1208 743 1370 783 Schedis
1404 745 1532 784 Clufii.
1563 775 1594 796 „
1621 748 1837 787 Zolonocci
1870 751 1973 787 Hun-

178 845 208 868 „
240 816 352 867 gariae
384 815 422 850 in
457 823 543 848 arce
573 810 624 847 D.
653 808 876 848 Balthasaris
908 806 955 843 de
976 807 1162 860 Batthyan
1197 806 1369 856 extabat,
1406 810 1556 860 inquit,
1594 810 1775 862 elegantis
1809 813 1974 850 Tabellae

178 908 209 930 ‚‚
236 880 514 929 fragmentum,
546 874 586 909 in
619 884 696 920 quo
725 869 953 921 palmaribus
981 869 1101 907 literis
1127 882 1317 908 exaratum
1353 884 1455 910 erat:

349 997 632 1041 COLONIAE
663 996 740 1034 CL.
770 994 996 1033 SAVAER.
1027 992 1106 1044 (fic
1125 1008 1201 1048 pro
1221 996 1413 1036 SAVAR.
1437 1010 1561 1036 errore
1583 995 1775 1050 lapicidae)

402 1085 419 1092 -
445 1085 461 1092 -
487 1084 502 1090 -
529 1063 584 1101 M.
612 1059 952 1099 TESTAMENT

371 1146 424 1155 --
559 1144 610 1154 —
744 1143 796 1150 ——-
934 1141 986 1149 ..-

354 1262 389 1297 9.
416 1254 477 1292 Ex
502 1249 662 1300 epistola
693 1248 857 1285 Antonii
884 1245 1080 1297 Mancini,
1103 1248 1275 1287 Posonio
1311 1247 1373 1286 die
1410 1261 1467 1286 10.
1501 1247 1662 1297 Augusti
1696 1255 1802 1297 1780.
1831 1246 1883 1284 acl
1915 1260 1975 1286 me

171 1320 275 1358 data:
307 1347 337 1368 7,
360 1315 656 1365 inscriptiones,
683 1311 831 1358 inquit,
868 1311 1061 1347 Romanas
1090 1310 1305 1347 transmitto
1324 1337 1338 1357 ‚
1372 1321 1463 1356 quas
1501 1310 1648 1346 curiosa
1685 1310 1882 1358 diligentia
1916 1311 1972 1347 lu-

176 1412 207 1435 „
235 1383 349 1420 strans
377 1377 571 1428 quondam
605 1377 645 1413 in
671 1387 756 1412 mea
788 1373 898 1411 MSS.
931 1372 1144 1410 retuleram.
1177 1373 1319 1409 Harum
1352 1372 1474 1421 prima
1497 1371 1535 1407 in
1565 1370 1769 1409 Sabarienfi
1798 1383 1886 1409 urna
1911 1384 1976 1409 un·

174 1475 206 1498 9,
234 1444 393 1483 cialibus
429 1440 616 1491 descripta
642 1437 695 1476 est
723 1436 843 1474 literis
867 1463 880 1484 ,
920 1447 967 1473 ex
999 1447 1071 1482 qua
1102 1434 1279 1486 produffi
1308 1434 1436 1471 annuli
1463 1445 1553 1471 meo
1586 1435 1627 1471 in
1661 1434 1857 1483 Opusculo
1887 1447 1974 1482 ‘me-

175 1539 206 1560 „
236 1510 420 1548 mineram
434 1517 445 1544 τ

578 1622 797 1664 VALERI.
824 1623 864 1661 L.
894 1620 1029 1660 CALP
1058 1642 1073 1648 -
1101 1641 1116 1648 ·
1141 1641 1156 1647 -
1183 1619 1232 1658 ΡΙ
1259 1641 1274 1648 -
1306 1639 1322 1647 —
1349 1620 1442 1658 FIL.
1472 1618 1570 1657 SIBI

523 1689 594 1728 ΕΤ
621 1689 678 1726 Μ.
705 1686 877 1725 AEMIL
903 1707 918 1713 ·
944 1706 960 1712 -
986 1685 1035 1722 L.
1063 1683 1280 1722 MARITO
1319 1682 1544 1720 AETERN
1571 1702 1587 1708 -
1613 1701 1629 1708 -

770 1747 924 1787 HANC
959 1746 1136 1785 DOMV.
1173 1744 1381 1783 POSVIT.

350 1909 380 1931 7,
409 1878 571 1926 Reliqua
595 1876 671 1926 legi
694 1883 897 1923 nequeunt.
925 1869 1076 1909 Ibidem
1094 1882 1184 1908 urna
1204 1870 1318 1908 altera
1344 1867 1528 1919 produ&
1547 1866 1618 1905 fuit
1641 1879 1727 1904 cum
1748 1866 1805 1904 his
1854 1866 1970 1903 literis

642 1998 821 2040 AVREL
848 2017 899 2025 -·
924 1997 993 2033 LV
1021 2014 1037 2022 ·
1063 2016 1080 2023 -
1105 2015 1120 2022 -
1149 1993 1364 2032 SEMPRO
1392 2013 1405 2020 -
1434 2013 1449 2020 -
1475 2013 1491 2020 -

844 2060 921 2099 DE
952 2060 1017 2098 SV
1043 2079 1058 2085 -
1086 2078 1101 2085 -
1123 2078 1142 2086 ·
1179 2055 1294 2096 PEC.

349 2223 378 2243 7,
407 2193 519 2243 Lapis
548 2190 589 2228 in
624 2186 819 2229 V'o'rb'sva'r
847 2186 983 2236 (aliter
1015 2197 1135 2235 germ.
1171 2177 1450 2229 Rothertkum)
1484 2178 1699 2217 Comitatus
1736 2175 1974 2215 Castriferrei

175 2287 206 2309 9,
233 2256 380 2308 oppido
408 2258 460 2294 ita
492 2254 625 2293 habet:

668 2372 890 2414 TIBERIO
937 2372 1081 2410 CLAV
1108 2392 1123 2398 -
1152 2391 1168 2398 -
1196 2391 1211 2397 -
1251 2366 1482 2406 CAESARI

534 2438 650 2477 DIVI
679 2437 832 2475 OCTA
859 2457 874 2463 -
901 2457 917 2463 -
944 2457 959 2462 -
986 2435 1112 2472 AVG.
1142 2432 1236 2470 FIL.
1264 2433 1304 2470 P.
1333 2430 1374 2468 F.
1404 2427 1637 2467 INVICTO

656 2501 781 2538 AVG.
811 2500 916 2537 IMP.
946 2496 1032 2534 VII.
1063 2518 1078 2524 -
1103 2518 1120 2524 -
1145 2497 1186 2534 P.
1215 2515 1229 2522 —
1255 2515 1271 2521 -
1298 2493 1335 2532 A
1363 2493 1477 2532 SAV.

929 2560 1034 2599 MIL.
1088 2560 1116 2598 P
1144 2579 1159 2585 -
1188 2579 1201 2584 -
1229 2578 1241 2584 -
