2065 2927
539 110 816 152 CAPUT
892 105 1307 146 TERTIUM.
1781 115 1825 156 ¹5

30 211 76 249 ad
91 212 214 248 lacum
230 209 428 247 perronem
456 201 606 239 dilatari
628 198 680 247 b).
704 193 885 244 Secundo,
908 193 1005 245 apud
1025 191 1175 231 Plinium
1199 192 1321 228 lacum
1345 189 1522 239 Peis'onem
1533 190 1691 229 Noricis
1716 186 1825 242 jungi

34 278 87 324 c).
132 273 257 313 Tertio
315 269 412 321 apud
442 264 617 314 Velle-jum
656 257 913 306 Patet-culum,
951 255 1183 292 Carnuntum
1217 253 1342 301 (infra
1377 252 1648 291 Vindobonam
1689 255 1727 290 in
1760 257 1829 292 h0=

33 338 168 375 dierno
196 302 402 372 Petionellae
424 330 513 366 vico
544 324 683 372 fitum)
717 322 852 360 Norici
879 319 1032 357 urbibus
1059 318 1294 354 adnumerari
1319 314 1376 363 d).
1413 317 1588 370 Quarto,
1615 315 1717 353 idem
1748 319 1829 355 col-

36 400 103 448 ligi
131 396 234 447 poffe
263 408 315 432 ex-
338 394 406 430 illo
435 390 535 429 Plinii
560 401 687 436 textu,
723 388 760 424 in
790 398 867 433 quo
895 385 1018 422 sermo
1045 381 1095 418 est
1116 380 1163 416 de
1192 378 1333 427 gleffo,
1360 379 1420 415 seu
1454 379 1610 416 succino
1636 377 1685 427 e).
1716 378 1829 432 Quin—

44 467 104 497 to:
136 458 174 494 in
208 455 351 494 Tabula
386 451 651 491 Theodosiana
685 446 941 487 Vindobonam
971 445 1123 483 Norico
1154 440 1316 479 adscribi
1332 440 1398 490 s)·

227 519 352 566 Quam
382 515 520 552 nullius
556 512 742 550 momenti
770 510 838 546 sint
868 511 922 545 hae
955 506 1117 545 Severini
1140 506 1328 552 rationes,
1359 505 1486 554 paucis
1502 501 1829 553 ostendozprimo

38 581 138 619 enim
182 581 219 615 in
259 591 342 616 roto
378 577 572 615 Strabonis
607 587 722 624 opere
762 584 833 609 nec
868 570 980 609 Rahae
1017 569 1169 616 amnis,
1210 579 1281 604 nec
1322 567 1422 602 lacus
1465 563 1620 614 Peisonis
1661 567 1831 604 occurrit

35 641 192 678 mentio.
230 641 329 677 Nam
367 640 429 676 ubi
463 637 598 675 Strabo
635 636 682 672 de
719 632 906 686 Bojorum
945 631 1146 672 solitudine
1177 630 1327 678 scribit5
1358 632 1456 666 hanc
1491 630 1554 665 ille
1586 642 1663 666 non
1700 642 1719 666 a
1744 631 1827 669 lacu

37 700 205 750 Peifone,
241 701 304 738 sed
340 715 358 737 a
390 699 627 750 Brigantiae,
653 699 713 735 seu
741 697 867 746 potius
895 709 914 732 a
941 694 1231 734 Vindelicorum
1263 692 1400 730 finibus
1429 691 1475 729 ad
1498 694 1717 730 Pannonios
1740 706 1829 744 pro·

35 764 178 811 tendit,
209 777 245 801 ut
275 765 382 813 supra
409 763 548 800 dietum
578 762 641 800 est»
667 756 855 798 Secundo:
886 771 962 806 quo
994 769 1116 794 autem
1146 757 1247 793 sensu
1277 756 1374 805 apud
1408 754 1560 795 Plinium
1591 758 1692 795 lacus
1717 758 1827 796 Peiso

35 826 193 862 Noritis
219 822 419 874 iungatur,
443 824 570 873 paullo
590 833 674 859 ante
700 821 912 870 expolitum
937 820 1017 857 fuit.
1052 817 1194 857 Tertio:
1233 817 1393 864 Velleius
1420 816 1634 857 Paterculus
1659 820 1828 870 nuspiam

36 901 166 939 aperte
196 890 416 925 Carnuntum
448 885 582 923 Norici
613 883 765 920 urbibus
806 883 1051 932 adnumerat,
1086 880 1149 919 sed
1183 881 1303 918 innuit
1338 880 1563 929 dumtaxat,
1606 881 1829 918 Carnuntum

39 949 144 987 fuiss'e
182 950 310 986 locum
345 949 494 985 Norico
526 959 646 995 regno
680 948 900 997 proximum
935 947 981 983 ab
1014 959 1054 982 ea
1095 956 1196 995 parte
1220 972 1231 992 ,
1263 957 1334 992 qua
1373 941 1541 982 Tiberius
1574 943 1697 981 Caesar
1726 956 1830 982 exer·

37 1015 153 1051 citum
188 1014 225 1049 in
257 1013 411 1065 Illyrico
440 1024 648 1049 merentem
678 1013 715 1048 in
742 1014 1042 1050 Marcomannos
1067 1007 1207 1043 ducere
1233 1017 1410 1055 coepefflt-
1447 1007 1590 1043 Textus
1620 1008 1721 1043 essim
1757 1003 1827 1044 Ρα-

38 1071 167 1111 terculi
195 1085 214 1108 a
245 1070 413 1109 Severino
441 1071 620 1120 allegatus
654 1073 704 1110 ira
732 1072 866 1110 habet:
908 1070 990 1123 Ipse
1024 1068 1275 1120 (Tiberius)
1309 1082 1335 1105 a
1365 1070 1552 1106 Carnunto
1573 1095 1584 1115 ,
1627 1069 1688 1119 qui
1727 1068 1831 1107 locus

35 1133 168 1172 Norici
201 1133 302 1185 regni
328 1133 531 1184 proximus
559 1133 607 1172 ab
635 1130 705 1172 hac
727 1144 842 1185 parte
872 1143 955 1171 erat
974 1161 986 1180 ,
1020 1130 1221 1171 exercitum
1238 1156 1251 1177 ‚
1293 1129 1354 1181 qui
1392 1129 1428 1166 in
1456 1129 1610 1178 Illyrico
1639 1130 1830 1179 merebat,

40 1192 172 1233 ducere
202 1195 237 1233 in
269 1194 569 1235 Marcomannos
601 1197 706 1247 orsus
731 1198 792 1245 est.
829 1197 904 1235 Ubi
938 1196 1046 1232 locus
1072 1193 1211 1231 Norici
1244 1193 1369 1241 Regni
1401 1193 1598 1242 proximus
1631 1189 1827 1231 Paterculo

35 1258 139 1296 idem
184 1259 400 1307 fignificat,
444 1272 488 1297 ac
535 1260 644 1297 locus
678 1260 832 1297 Norico
874 1260 1013 1308 Regno
1051 1259 1261 1308 proximus.
1319 1255 1472 1294 Eodem
1513 1256 1654 1305 quippe
1706 1255 1829 1312 modo

32 1321 188 1370 scribit,
231 1320 414 1359 Marcum
445 1320 632 1374 Lepidum
657 1320 773 1372 jug'ffe
805 1320 920 1358 virum
949 1319 1101 1357 nominis
1142 1332 1189 1356 ac
1212 1319 1376 1368 fortunae
1400 1319 1556 1367 ficorum
1583 1317 1830 1368 proximum,

33 1398 102 1436 pro
126 1398 172 1424 eo
188 1413 200 1435 ‚
225 1385 329 1433 quod
352 1385 514 1424 scribere
533 1385 722 1433 debebat,
748 1384 862 1422 virum
892 1382 1047 1431 nomini,
1072 1397 1118 1420 ac
1131 1384 1294 1432 fortuna
1306 1384 1461 1431 suorum
1480 1379 1709 1433 proximum.
1738 1383 1830 1420 Non

30 1448 129 1485 reete
159 1447 319 1497 proinde
346 1446 560 1497 severinus,
600 1460 636 1486 ut
672 1446 903 1486 Paterculum
925 1447 1004 1484 suas
1031 1446 1069 1483 in
1089 1457 1212 1496 partes
1244 1446 1496 1495 pertraheret,
1531 1443 1568 1479 in
1597 1454 1697 1480 textu
1731 1455 1832 1480 nunc

35 1507 188 1544 laudato
204 1535 215 1555 ‚
240 1511 359 1544 locum
388 1507 519 1545 Norici
543 1508 645 1559 regni
670 1510 816 1558 virgula
845 1509 1077 1558 interpunxit
1103 1507 1148 1544 ab
1172 1507 1343 1557 epitheto
1357 1503 1584 1556 proximus,
1612 1503 1830 1552 ediditque:

28 1583 53 1607 a
87 1570 297 1613 Carnunm,
332 1568 392 1618 qui
425 1568 528 1606 locus
561 1567 694 1605 Norici
723 1570 845 1619 regni,
871 1571 1072 1619 proximus
1101 1568 1152 1604 ab
1181 1567 1252 1605 bac
1276 1579 1395 1616 parte
1418 1578 1511 1608 erat,
1540 1568 1653 1606 Certe
1680 1569 1717 1605 in
1745 1569 1830 1618 ipso

35 1627 222 1665 Paterculi
250 1641 366 1677 opere
395 1627 499 1664 locus
525 1628 656 1665 Norici
677 1629 779 1679 regni
796 1632 996 1680 proximus
1022 1627 1280 1679 conjunciim‚
1306 1628 1345 1665 ὅ(
1378 1626 1453 1662 fine
1478 1627 1700 1676 interposito
1724 1641 1833 1665 com-

30 1701 129 1726 mate
153 1688 289 1736 legitur
309 1688 368 1740 g).
398 1688 564 1744 Quarto:
586 1690 680 1727 nihil
705 1693 842 1729 certius
868 1692 945 1741 est,
969 1704 1081 1739 quam
1107 1692 1330 1727 Carnuntum
1353 1700 1372 1723 a
1387 1688 1513 1724 Plinio
1537 1688 1583 1723 ad
1596 1691 1829 1726 Pannoniam

34 1749 189 1797 referri,
226 1762 304 1787 tum
338 1752 424 1798 quia
447 1748 525 1798 hist.
546 1763 621 1790 nat.
642 1751 700 1791 lib.
725 1765 754 1798 4,
778 1768 863 1806 cap.
892 1768 948 1793 12.
975 1749 1184 1790 Pannonica
1208 1748 1373 1800 hyberna
1395 1750 1573 1787 Carnunti
1591 1764 1831 1791 commemo-

31 1824 109 1856 rat3
144 1823 221 1849 tum
259 1823 376 1860 vero,
408 1814 493 1860 quia
525 1812 583 1852 lib.
606 1824 663 1864 37.
695 1829 782 1867 cap.
813 1829 847 1864 3.
878 1819 1044 1864 loquens
1072 1812 1205 1852 Plinius
1235 1814 1282 1852 de
1303 1815 1466 1852 succinis
1490 1815 1528 1853 &
1551 1815 1695 1865 gleffo,
1723 1817 1829 1865 quod

33 1889 76 1913 ex
107 1874 310 1912 Germania
335 1875 372 1911 in
400 1876 631 1912 Pannoniam
649 1902 660 1921 ‚
687 1878 777 1914 hinc
805 1891 898 1916 vero
921 1880 960 1915 in
984 1878 1130 1917 Italiam
1154 1879 1282 1915 invehi
1312 1879 1482 1927 solebat,
1508 1879 1642 1918 diserte
1666 1882 1831 1919 Carnun-

28 1950 103 1975 tum
129 1938 328 1976 Pannoniae
353 1937 458 1975 fuiffe
481 1938 668 1987 oppidum·
694 1939 878 1977 adfirmat.
910 1943 967 1980 En
999 1939 1078 1992 ejus
1107 1942 1242 1980 verba:
1274 1941 1353 1981 DC.
1371 1944 1461 1993 fere
1484 1943 1596 1982 millia
1610 1947 1786 1997 paffitunz
1807 1961 1834 1985 a

34 2001 219 2037 Carnunto
242 1996 430 2037 Pannonia
452 1998 553 2047 abest
576 1998 681 2038 littus
705 2000 931 2052 Germanis,
957 2019 1007 2045 ex
1028 2020 1099 2057 quo
1127 2004 1170 2045 id
1192 2003 1391 2056 invehitur,
1414 2007 1674 2060 percognitum
1705 2024 1832 2061 nuper.

35 2061 90 2100 Ita
116 2063 217 2100 enim
249 2062 312 2098 hic
345 2073 466 2100 textus
499 2060 574 2112 jam
610 2062 753 2100 dudum
786 2063 973 2105 restitutus
1000 2070 1037 2105 in
1072 2070 1249 2107 omnibus
1280 2070 1468 2120 castigatis
1502 2072 1614 2110 Plinii
1643 2074 1831 2123 exempla-

32 2123 133 2161 ribus
162 2125 318 2173 legitur3
353 2137 440 2162 cum
467 2126 580 2163 altera
608 2127 671 2163 illa
699 2127 837 2175 lectio,
867 2141 938 2176 qua
970 2127 1157 2169 severinus
1192 2133 1229 2167 in
1261 2144 1343 2168 rem
1376 2133 1476 2169 suam
1511 2134 1652 2182 utitur,
1688 2146 1829 2185 nempe

35 2186 72 2224 C.
89 2187 178 2235 fere
202 2186 263 2224 M,
279 2188 377 2238 paffi
400 2188 502 2236 abest
535 2205 560 2228 a
587 2191 774 2228 Carnunto
795 2189 896 2229 littus
919 2191 1123 2243 Pannonia,
1147 2191 1256 2245 quod
1281 2192 1324 2231 id
1347 2208 1372 2232 a
1399 2194 1603 2233 Germania
1631 2194 1830 2235 invehitur:

76 2328 108 2366 h)
131 2327 227 2364 Joan.
254 2327 427 2359 Severinus
451 2327 508 2360 lib.
532 2330 559 2362 Ι.
588 2331 757 2363 Ρευηοῃῐεε
781 2337 848 2364 vet.
872 2340 1010 2365 monum,
1035 2331 1138 2365 illustr.
1162 2341 1192 2374 p.
1223 2341 1269 2365 te.
1295 2333 1383 2365 circa
1406 2332 1513 2365 finem.

73 2380 104 2418 c)
129 2379 154 2409 1}
171 2378 251 2409 idem
277 2387 310 2419 p.
336 2387 384 2411 11.

72 2431 112 2468 ἐ)
143 2430 266 2461 Ibidem
288 2439 322 2472 p.
353 2439 399 2463 ια.

73 2486 101 2523 e]
125 2484 260 2523 Jbidem.

62 2538 110 2577 f)
136 2537 255 2569 Ibidem

71 2591 116 2631 g)
143 2589 215 2621 vid.
232 2591 422 2622 Paterculus
445 2591 511 2624 hist.
535 2597 625 2626 Rom.
649 2595 746 2631 liba.
772 2607 840 2642 cap.
861 2606 926 2640 ως,
953 2607 994 2630 ex
1015 2598 1158 2631 editione
1182 2595 1373 2640 Burmanni,
1397 2607 1453 2642 qua
1478 2598 1508 2634 &
1530 2599 1718 2634 Severinum
1740 2601 1828 2634 fuisse

32 2642 136 2682 usum‘
161 2652 201 2675 ex
225 2644 380 2677 citatione
404 2647 521 2688 capitis
545 2649 679 2691 colligo.
