2065 2927
606 91 888 132 CAPUT·
967 87 1408 140 QUARTUM.
1875 89 1927 124 21-

731 347 1106 400 CAPUT
1194 346 1285 393 IV.

325 465 467 509 Criticot
497 462 830 519 animadverstoues
859 463 896 502 in
925 460 1131 502 Savariam
1160 456 1350 500 Ptolemoei
1369 487 1381 507 ‚
1425 445 1472 498 {3
1511 452 1711 498 sabariam

616 532 875 574 nonnullorum
905 529 1016 570 medii
1045 529 1119 569 oevi
1148 527 1401 580 Scriptorum.

102 646 500 730 Protzmffius
539 686 578 722 in
607 684 863 735 descriptione
889 683 1093 723 Pannoniae
1131 680 1334 730 superioris
1372 677 1545 716 nominat
1585 672 1781 715 Savariam
1814 676 1913 714 inter

107 754 281 790 civitates
311 750 447 801 procul
475 762 494 785 a
521 748 700 786 Danubio
725 747 873 797 positas.
901 743 1114 796 Maginus,
1160 744 1199 782 ὃ(
1240 741 1448 791 Moletius,
1479 741 1544 789 qui
1571 740 1777 779 Ptolemoei
1806 741 1912 778 Geo-

105 817 304 865 graphiam
333 826 352 850 e
380 824 508 862 graeco
536 812 575 848 in
604 811 760 847 latinum
790 807 995 846 traduetam
1024 806 1203 855 edidere,
1243 808 1343 843 hunc
1371 806 1502 842 locum
1531 804 1581 842 ita
1607 803 1804 843 referunt:
1842 799 1913 840 Sa-

104 876 224 915 varia.
254 877 371 926 Gretz
403 873 522 925 vulgo,
565 877 637 920 38,
667 884 726 908 20.
755 871 827 920 46,
855 882 916 915 40.
951 871 1114 908 Numeri
1143 868 1261 906 additi
1290 879 1424 906 notant
1451 866 1588 917 gradus
1607 895 1620 916 ,
1660 867 1700 906 &
1734 867 1912 904 minutias

104 939 382 988 longitudinis,
417 948 461 972 ac
499 933 704 971 latitudinis
732 933 1025 983 geographicae,
1063 933 1431 981 quam..Pt01emaeus
1463 928 1622 968 Savaria
1650 930 1790 967 tribuit.
1825 929 1910 967 Hos

105 1014 284 1039 numeros
313 997 452 1037 Graecio
479 1009 558 1034 non
585 997 793 1034 convenire
818 1026 831 1046 ,
868 1008 1012 1033 certum
1052 995 1103 1032 est
1144 1009 1190 1034 ex
1225 994 1421 1032 hodiernis
1452 993 1587 1031 tabulis
1615 992 1908 1040 astronomicis,

102 1063 306 1101 seeundum
335 1073 426 1109 quas
457 1060 597 1098 Graecii
624 1059 784 1098 latitudo
803 1088 814 1108 ,
852 1060 914 1097 seu
949 1059 1109 1097 elevatio
1138 1059 1280 1108 polaris
1322 1058 1374 1094 est
1401 1068 1462 1105 47.
1491 1070 1547 1106 gt.
1580 1068 1636 1093 12.
1665 1057 1799 1094 minut.
1840 1054 1905 1093 An

104 1138 196 1164 vero
223 1123 449 1162 Ptolemaici
477 1123 532 1159 illi
561 1124 708 1160 numeri
735 1124 871 1160 rec‘tius
899 1122 1131 1161 conveniant
1157 1120 1290 1158 nostrae
1318 1118 1478 1158 Sabaria
1502 1148 1514 1168 ,
1551 1119 1668 1168 vulgo
1710 1117 1809 1156 Stein
1845 1129 1908 1157 am

101 1185 229 1239 Anger
257 1186 387 1235 distae,
415 1175 698 1236 incompertum
727 1185 883 1234 quidem
910 1185 1033 1224 habeo
1050 1213 1063 1234 ,
1108 1183 1171 1221 sed
1199 1195 1322 1231 neque
1350 1194 1390 1220 ut
1416 1181 1456 1219 id
1484 1181 1608 1219 modo
1639 1183 1908 1232 comperiam,

99 1249 260 1287 laboro:
291 1250 472 1296 quoniam
501 1248 669 1299 constat,
698 1250 738 1285 in
765 1249 962 1287 Ptolemaei
982 1246 1227 1298 Geographia
1256 1245 1384 1284 multis
1413 1245 1511 1283 locis
1549 1257 1727 1283 erroneas
1755 1244 1909 1295 prorsus

102 1310 384 1361 longitudines,
414 1323 458 1347 ac
485 1311 699 1348 latitudines
728 1311 904 1349 adscribi.

274 1371 526 1412 Baudrandus
563 1375 603 1411 in
631 1376 776 1414 Lexico
804 1375 870 1412 suo
899 1374 1164 1425 geographico
1204 1372 1378 1424 perhibet
1404 1402 1416 1422 ,
1458 1373 1610 1421 antiqua
1653 1369 1907 1409 Graecenfium

103 1436 310 1475 traditione
338 1437 533 1486 constare,
563 1436 763 1475 Savariam
791 1437 863 1475 effe
891 1438 1082 1477 Graecium
1111 1438 1242 1492 Styriae
1272 1437 1537 1486 metropolim.
1574 1436 1756 1484 Quonam
1785 1446 1909 1471 autem

100 1499 348 1536 fundamento
375 1501 455 1535 haec
483 1499 635 1536 traditio
663 1500 827 1549 nitatur,
870 1513 947 1537 non
985 1513 1291 1549 commemorat,
1329 1500 1396 1536 nisi
1438 1497 1543 1548 quod
1580 1498 1718 1548 praevie
1745 1494 1910 1534 Mamm

101 1561 280 1609 fiuvium,
299 1561 361 1608 qui
385 1561 574 1598 Graecium
595 1572 844 1609 praetermeat,
859 1563 974 1598 veteri
998 1562 1155 1598 nomine
1171 1561 1366 1598 Savariam
1385 1572 1509 1598 vocet.
1530 1563 1673 1598 Verum
1693 1562 1772 1597 haec
1795 1559 1908 1596 unica

93 1624 194 1663 ,ratio
208 1651 219 1669 ,
238 1634 304 1657 cur
330 1623 520 1658 Graecium
542 1634 613 1670 pro
640 1621 800 1657 Savaria
819 1623 1011 1669 habeatur,
1032 1624 1250 1669 neutiquam
1269 1621 1429 1670 sufficit,
1453 1622 1506 1658 uti
1524 1621 1651 1670 suapte
1671 1632 1785 1670 patet.
1805 1623 1907 1658 Nam

101 1685 284 1734 primum,
305 1682 443 1720 eodem
463 1679 543 1733 jure
562 1682 721 1731 quilibet
738 1683 834 1719 alius‘
854 1684 978 1733 locus,
1002 1685 1121 1721 Murae
1145 1683 1261 1720 fluvio
1290 1683 1450 1731 adfinis,
1479 1680 1637 1720 Savaria
1659 1683 1734 1720 diei
1756 1683 1901 1732 poffet:

95 1747 262 1794 deinde,
292 1747 378 1793 quia
405 1757 483 1782 non
511 1743 637 1783 Mara
664 1756 829 1794 tantum,
860 1746 922 1783 sed
952 1746 1065 1784 etiam
1093 1746 1215 1783 amnis
1250 1744 1417 1794 Ginstzcs,
1447 1744 1671 1782 hodiernam
1700 1742 1900 1784 Sabariam

98 1808 378 1859 praeterfluens,
408 1808 504 1844 olim
533 1805 689 1845 Savariae
716 1821 858 1847 nomen
886 1809 1036 1857 habuit,
1065 1810 1118 1846 uti
1145 1805 1221 1858 jam
1251 1808 1382 1859 Capite
1409 1806 1438 1849 I,
1467 1807 1614 1845 dietum
1644 1808 1708 1845 est.
1746 1809 1905 1847 Paucis:

97 1870 273 1910 Graeeiam
301 1871 433 1924 Styriae
460 1870 592 1918 nequit
621 1869 693 1907 esse
722 1869 883 1909 Savaria
910 1872 1045 1909 veteris
1074 1871 1298 1920 Pannoniae,
1320 1871 1502 1918 quoniam
1527 1871 1589 1908 illa
1622 1871 1755 1926 Styriae
1776 1871 1905 1921 portio
1959 1900 1963 1905 .

97 1946 288 1982 nunquam
316 1933 362 1970 ad
390 1934 645 1982 Pannoniam,
674 1933 742 1977 sed,
764 1934 910 1984 semper
939 1935 984 1971 ad
1014 1935 1204 1972 Noricum
1235 1934 1439 1984 pertinuit,
1470 1934 1559 1972 teste
1587 1934 1671 1984 ipso
1700 1932 1903 1983 Ptolemaeo,

97 1998 162 2044 qui
188 1997 422 2038 Pannoniam
452 1997 684 2046 superiorem
714 1997 905 2035 montibus
936 1998 1079 2045 Cetiis,
1108 1997 1201 2034 ultra
1230 2009 1326 2044 quos
1356 1996 1409 2035 est
1436 1998 1659 2045 Graecium,
1690 1999 1876 2035 terminat.

268 2059 434 2109 Quidam
464 2059 662 2107 dubitant,
697 2073 743 2096 an
773 2058 933 2098 Savaria
960 2061 1157 2099 Ptolemaei
1186 2072 1263 2097 non
1290 2059 1434 2099 diversa
1463 2060 1504 2098 sit
1531 2073 1552 2097 a
1591 2058 1751 2098 Sabaria
1776 2061 1903 2099 Plinii.

95 2118 222 2157 Nobis
250 2133 392 2159 certum
421 2122 496 2167 est;
534 2124 615 2160 haec
650 2124 755 2160 unius
793 2121 1040 2172 ejusdemque
1073 2124 1238 2161 civitatis
1267 2121 1338 2161 esse
1367 2124 1536 2161 nomina.
1578 2122 1772 2173 Imprimis
1802 2125 1902 2162 enim

99 2178 304 2221 Ptolemaeus
329 2186 437 2222 unius
466 2185 642 2223 duntaxat
671 2183 833 2224 Savarioe
861 2187 1024 2225 civitatis
1053 2186 1250 2235 meminit,
1290 2186 1329 2224 ἃ
1368 2185 1524 2234 quidem
1554 2186 1596 2222 in
1625 2186 1815 2224 Pannoniav
1854 2190 1903 2236 si*

94 2245 246 2293 periore
273 2257 441 2296 tantum,
469 2249 508 2285 in
537 2262 608 2296 qua
637 2249 677 2287 &
704 2246 849 2299 Bojos,
878 2250 917 2285 in
944 2248 1074 2287 medio
1098 2248 1145 2286 ad
1172 2249 1350 2286 occasum
1378 2249 1521 2298 politos
1543 2276 1556 2298 ,
1597 2261 1900 2302 commemorat(

98 2306 213 2344 Unde
241 2307 386 2346 necesse
413 2310 493 2359 est,
521 2323 561 2349 ut
588 2313 618 2348 is
647 2312 802 2349 nomine
832 2309 990 2359 Savariae
1017 2312 1244 2350 intellexerit
1270 2309 1466 2349 Sabariam
1486 2340 1498 2361 ,
1534 2325 1554 2348 a
1585 2310 1701 2351 Plinio
1740 2313 1779 2349 in
1806 2315 1901 2352 Pan-

95 2372 250 2409 nonicis
279 2369 467 2421 Boiorum
495 2375 664 2412 Desertis
692 2376 938 2413 nominatam.
977 2375 1076 2413 Cum
1106 2376 1206 2412 enim
1235 2377 1314 2412 haec
1343 2371 1503 2412 Sabaria
1529 2374 1646 2413 fuerit
1683 2389 1755 2412 una
1791 2388 1811 2413 e
1840 2388 1900 2413 ce-

93 2433 323 2471 lebrioribus
351 2436 615 2474 Romanorum
643 2439 679 2474 in
705 2440 899 2477 Pannonia
927 2438 1092 2475 coloniis
1110 2467 1122 2487 ,
1160 2439 1369 2487 imperante
1400 2435 1555 2475 Claudio
1573 2466 1585 2486 ,
1633 2439 1746 2476 Drufi
1787 2439 1897 2487 filio,

91 2495 263 2545 adeoque
291 2495 366 2549 jam
394 2510 477 2536 ante
510 2497 686 2538 Ptolemaei
712 2502 922 2551 geographi
952 2512 1122 2548 aetatem,
1152 2500 1330 2543 deduffln
1359 2513 1523 2549 cumque
1552 2500 1684 2538 eadem
1714 2501 1779 2538 sub
1805 2499 1892 2539 Pto-

93 2557 208 2596 lemaeo
237 2559 348 2597 etiam
377 2561 604 2610 substiterit,
635 2564 755 2602 immo
785 2564 1041 2601 fiorenriffima
1069 2563 1205 2611 fuerit,
1235 2565 1376 2614 quippe
1406 2564 1477 2601 toti
1491 2577 1532 2600 us
1562 2565 1766 2613 Pannoniae
1794 2566 1899 2614 supe-

92 2621 202 2658 rioris
236 2628 374 2673 caput,
404 2637 446 2661 ac
476 2627 731 2675 metropolis3
762 2627 911 2665 ideirco
941 2627 1021 2666 fieri
1050 2628 1209 2677 nequit,
1245 2638 1284 2665 ut
1324 2626 1425 2665 idem
1466 2617 1673 2665 Ptolemaeus
1707 2628 1810 2665 issam
1840 2638 1899 2665 eut
