2065 2927
169 145 192 170 0
738 128 974 170 LIBRI
1053 131 1303 173 PntMr

315 213 506 262 Antiana,
538 224 637 250 nunc
678 213 926 262 Baranyava‘r
950 243 964 263 ,
994 228 1111 266 pagus
1153 219 1344 257 Eszekino
1386 217 1463 257 fere
1507 221 1673 269 quinque
1713 223 1936 262 milliaribufi

144 277 283 314 diffitus
299 306 310 325 ,
340 278 479 314 tametfi
506 277 544 312 in
573 275 704 313 tabella
729 277 855 313 cursus
880 277 1024 327 publici
1049 291 1188 317 tantum
1217 294 1377 330 quatuor
1404 294 1656 323 numerentur,
1682 286 1826 324 Favent
1851 289 1941 324 huic

142 340 332 377 sementia:
366 338 552 388 adscripta
578 336 746 376 Antianis
772 341 826 377 M.
855 340 896 378 Ρ.
924 340 1068 379 ΧΧΙΙΙ.
1102 341 1141 378 id
1173 344 1252 393 est,
1282 345 1409 383 nostra
1445 346 1598 385 circiter
1628 358 1662 397 5.
1691 349 1731 388 ὃ(
1764 349 1869 397 quod
1903 352 1942 387 in

144 405 221 440 hoc
248 403 340 440 loco
369 402 427 440 via
456 402 600 451 publici
627 402 751 439 cursus
785 398 1040 441 Vindobonam
1069 403 1226 442 tendens
1263 407 1301 443 in
1330 408 1420 446 duas
1448 409 1629 448 scinditur
1652 440 1666 460 ,
1699 424 1855 460 quarum
1885 413 1938 449 al·

145 477 221 502 tera
247 478 312 515 per
335 465 504 503 Danubii
529 467 675 515 ripam,
705 464 819 503 altera
840 477 908 514 per
931 466 1202 505 mediterranea
1225 470 1426 510 Pannoniae
1451 473 1538 510 loca
1561 473 1677 511 ducit.
1702 474 1810 512 Idem
1838 476 1939 513 enim

145 539 225 566 erat
250 528 290 565 ὅ(
313 525 484 565 Antianis
506 528 592 566 fitus
607 556 619 576 ,
642 528 696 566 uti
723 527 936 569 conferenti
961 542 1007 567 ex
1026 529 1226 569 Itinerario
1249 532 1437 571 Antonini
1458 538 1561 585 hoc,
1586 537 1743 575 &aliud
1753 550 1954 591 pag.243,.

144 590 375 640 descriptum
399 590 543 628 itineris
565 592 828 640 segmentum,
853 589 1009 629 dubium
1031 593 1102 631 effe
1130 596 1272 642 nequit.
1304 596 1390 633 Nec
1414 597 1545 636 desunt
1566 612 1667 649 pago
1695 600 1946 649 Baraqyava‘r

145 664 253 691 tantae
277 654 509 701 antiquitatis
531 654 697 703 vestigia.
720 654 845 704 Ipsum
867 656 945 692 hoc
972 668 1115 694 nornen
1139 657 1261 695 innuit
1283 670 1386 697 vetus
1414 660 1621 709 quodpiam
1647 663 1808 700 castrum
1835 662 1945 700 isthic

144 714 280 754 stetisse
302 744 315 765 ,
348 713 454 765 cujus
493 717 674 754 nonnulla
704 717 843 753 indicia
881 717 926 755 ad
957 720 1270 768 praeterfluentem
1301 722 1493 772 Caraffwn
1528 723 1719 773 hodieque
1751 725 1949 764 observari>

146 776 278 828 posse,
308 779 455 817 testatur
486 781 568 817 RR.
601 777 778 830 Salagius
802 778 855 828 n).

319 838 503 894 Sepianas
530 841 671 881 Millib.
699 840 788 880 Paffi
816 842 945 881 XXX.
972 845 1047 882 five
1076 844 1138 883 sex
1163 845 1300 884 nostris
1333 847 1583 898 milliaribus,
1614 847 1661 885 ab
1689 846 1857 889 Antianis
1885 864 1942 890 rem

147 914 280 941 movet
297 902 543 943 itinerarium.
572 905 814 943 Tantundem
840 919 931 945 vero
956 920 1024 957 per
1045 910 1141 946 viam
1175 908 1319 959 publici
1344 910 1470 947 cursus
1498 911 1550 948 est
1577 922 1597 948 a
1622 924 1725 962 pago
1747 912 1943 963 Baranyoe·

145 969 215 1003 νάν
238 967 354 1014 usque
380 965 777 1020 Quinque-Ecclesia&
811 968 903 1006 Haec
932 982 1025 1019 ergo
1051 972 1182 1009 civitas
1207 984 1278 1021 pro
1305 969 1478 1023 Sopianis
1503 973 1674 1011 habenda
1699 974 1772 1013 est:
1807 975 1940 1024 praeci·

144 1040 243 1078 pue,
271 1041 359 1067 cum
388 1042 433 1067 ex
457 1030 740 1078 monumentis,
767 1031 880 1069 etiam
906 1033 1017 1072 isthic
1046 1035 1124 1072 erui
1155 1035 1301 1084 solitis,
1331 1034 1501 1083 constet,
1534 1038 1635 1074 hunc
1663 1036 1793 1074 locum
1822 1050 1842 1073 a
1864 1037 1944 1075 Ro-

147 1092 270 1129 manis
296 1091 489 1140 quondam
513 1091 720 1130 habitatum
744 1091 858 1130 fuisse.
889 1093 1076 1147 Sopianas
1098 1097 1284 1147 oppidum
1309 1108 1424 1135 vocat
1446 1096 1685 1148 Ammianus,
1714 1099 1753 1138 ὅ(
1780 1099 1826 1137 ad
1847 1100 1941 1138 Pan-

144 1156 299 1191 noniam
332 1153 523 1193 Valeriam
554 1156 621 1192 suo
656 1168 830 1206 tempore
863 1158 1037 1209 speetaffe
1065 1161 1186 1198 innuit
1210 1159 1264 1209 ο),
1294 1161 1409 1199 Plura·
1434 1159 1482 1199 de
1512 1161 1688 1211 Sopianis
1723 1160 1811 1201 vide
1840 1161 1947 1212 apud.

146 1215 339 1270 Salagium
366 1219 494 1267 paullo
521 1229 604 1256 ante
632 1218 821 1256 laudatum
836 1221 900 1271 p).
1305 1259 1307 1261 ,

320 1280 535 1328 Sequuntur
565 1278 742 1330 Limusa,
777 1280 970 1335 Silacenae,
1010 1284 1188 1325 Valcum:
1229 1287 1365 1324 incerti
1403 1287 1531 1323 omnia
1561 1287 1647 1326 situs
1669 1315 1682 1336 ,
1719 1287 1759 1326 &
1792 1287 1943 1325 obscuri

145 1344 313 1381 nominis
348 1343 446 1380 loca.
480 1343 686 1391 sequendo
715 1356 840 1383 tamen
866 1349 965 1385 viam
993 1348 1136 1398 publici
1166 1349 1292 1386 cursus
1322 1348 1343 1385 a
1377 1350 1558 1398 Quinque
1589 1349 1770 1388 Ecclefiis
1794 1349 1945 1388 Vindo-

145 1406 285 1444 bonam
314 1406 462 1455 versus,
485 1407 598 1444 altera
621 1407 727 1446 statio
753 1408 806 1446 est
830 1408 1020 1462 Magnum
1041 1409 1254 1464 Szigethum
1281 1411 1436 1463 (Nagy
1451 1410 1660 1463 -Szigeth)
1689 1412 1825 1449 nostris
1852 1425 1944 1460 qua==

144 1480 258 1519 tuor,
286 1468 350 1508 sed
382 1481 573 1517 utcunque
608 1472 756 1520 magnis
787 1473 1037 1523 milliaribus,
1062 1474 1200 1514 distans
1234 1488 1253 1511 a
1282 1476 1460 1524 Quinque
1484 1475 1677 1512 Ecclefiis.
1715 1475 1815 1512 Cum
1851 1486 1954 1523 ergo>

143 1528 299 1582 Limus&
328 1544 348 1567 a
374 1532 551 1581 Sopianis
579 1532 790 1571 distantiam
816 1537 1028 1584 exprimant
1049 1537 1105 1574 M.
1128 1539 1169 1574 P.
1195 1536 1326 1574 XXII.
1357 1549 1438 1584 quae
1466 1536 1602 1573 nostris
1626 1547 1786 1584 quatuor
1812 1536 1951 1573 millia-·

143 1593 246 1631 ribus
281 1602 357 1631 no‘n
384 1595 515 1632 multo-
540 1595 623 1644 plus
660 1595 854 1646 efficiunt,
887 1599 1023 1648 opinio
1056 1611 1138 1635 mea
1165 1599 1245 1646 est,
1276 1597 1467 1647 Limusam
1503 1598 1601 1646 apud
1635 1598 1821 1646 oppidum
1844 1627 1855 1645 ,
1889 1611 1945 1635 ar-

144 1667 279 1695 cemve
301 1653 511 1707 Szigetlzum
534 1657 704 1694 extitiss'e.
730 1660 794 1695 Est
817 1661 881 1695 hic
905 1661 1015 1695 locus
1032 1659 1078 1694 ad
1103 1658 1290 1706 Almasum
1312 1659 1468 1695 fluvium
1482 1686 1494 1706 ,
1522 1659 1560 1694 in
1580 1657 1779 1707 paludoso,
1800 1658 1942 1707 limosa»

143 1730 217 1766 que
241 1730 335 1767 agro
360 1719 467 1756 situs:
498 1717 597 1756 unde
618 1717 699 1756 fors
721 1720 760 1757 ὃ(
783 1717 936 1770 Limufie
962 1721 1129 1758 nominis
1154 1720 1358 1771 repetenda
1386 1720 1438 1756 est
1463 1721 1590 1768 origo.
1613 1721 1735 1757 Porro
1761 1732 1806 1756 ex
1832 1719 1944 1756 duan

142 1781 314 1830 itineris,
353 1782 392 1821 &
425 1794 470 1819 ex
495 1781 633 1818 vicinia
662 1780 906 1833 Sopiana'rum
934 1783 985 1820 sat
1010 1783 1111 1821 clare
1133 1794 1261 1833 patet,
1298 1793 1440 1830 quanto
1469 1793 1598 1818 errore
1634 1781 1811 1818 nonnulli
1841 1781 1943 1819 Scri·

143 1855 273 1894 ptores
304 1842 499 1894 Limufam
526 1845 674 1894 oppido
704 1843 906 1895 Mosoni0,
939 1846 1047 1895 supra
1074 1847 1267 1888 Jaurinum
1296 1846 1389 1894 fito,
1420 1843 1621 1882 attribuant
1651 1841 1704 1894 q).

317 1904 484 1944 Silacenae
510 1908 649 1945 Millib.
673 1906 763 1946 Paff.
796 1908 902 1947 XVI.
934 1908 973 1945 id
1000 1909 1076 1957 est,
1105 1908 1241 1946 nostris
1269 1920 1313 1956 3}
1340 1908 1492 1945 circiter
1520 1920 1540 1943 a
1565 1904 1721 1954 Limusa
1742 1904 1941 1954 recedunt,

142 1969 219 2008 hoc
248 1969 446 2007 intervallo
478 1970 595 2007 hodie
622 1971 881 2020 proficiscenti
915 1985 934 2008 e
964 1968 1140 2023 SU'getlto
1168 1984 1237 2021 per
1266 1972 1365 2008 viam
1397 1969 1543 2020 publici
1571 1967 1696 2004 cursus
1725 1967 1846 2004 nullus
1875 1980 1940 2016 pa-

142 2044 237 2081 gus,
263 2032 408 2069 nullum
440 2031 628 2082 oppidum
662 2035 841 2071 occurrit.
874 2035 1054 2072 Proxima
1078 2035 1179 2071 enim
1207 2030 1382 2085 Szigetho
1408 2033 1528 2071 Statio
1554 2029 1607 2068 est
1629 2027 1813 2075 lavandi,
1841 2029 1938 2066 binis

142 2105 285 2132 tanturn
320 2094 541 2132 milliaribus
575 2107 732 2133 remota.
770 2097 870 2132 Hinc
897 2109 1021 2133 autem
1054 2097 1168 2144 usque
1203 2095 1407 2146 Babocfitm
1440 2095 1508 2132 tria
1538 2091 1710 2130 milliaria
1734 2104 1945 2129 numerant

142 2166 231 2193 tur:
270 2159 396 2205 itaque
416 2171 548 2208 vpagus
579 2155 741 2206 Istvandi
773 2158 825 2196 est
857 2156 1035 2208 Limufie,
1072 2159 1170 2209 apud
1201 2159 1421 2208 Szigethum
1455 2156 1609 2214 pofitae,
1643 2155 1827 2204 propior,
1864 2154 1937 2192 Ba*

140 2216 251 2266 boesa
276 2233 367 2258 veto
384 2222 596 2269 remotior,
620 2233 732 2268 quam
757 2232 796 2258 ut
820 2221 994 2260 alteruter
1019 2224 1082 2259 hic
1105 2223 1213 2259 locus
1236 2235 1307 2272 pro
1331 2218 1506 2258 Silaeenis
1530 2218 1657 2255 haberi
1685 2216 1804 2267 possit.
1829 2216 1940 2254 Unde

140 2277 326 2319 Silacenas
349 2283 480 2320 medio
507 2283 673 2332 quodam
696 2284 793 2321 inter
816 2296 957 2333 pagum
982 2283 1170 2333 Μναηᾶἱ,
1201 2284 1242 2322 ὅ(
1275 2282 1477 2330 Bahocsam
1502 2282 1594 2319 loco
1615 2280 1747 2317 stetisse
1767 2290 1927 2329 apparet.

143 143 164 180 0²

174 2451 207 2489 n)
230 2449 304 2483 Lib.
325 2454 380 2485 tv.
403 2452 442 2484 de
462 2452 535 2484 statu
576 2456 669 2490 Eccl.
694 2457 869 2488 Pannoniae
889 2465 922 2497 p.
946 2462 1021 2498 278.

174 2503 208 2542 ο)
234 2504 307 2537 Lib.
332 2509 381 2541 28.
403 2514 474 2544 cap.
504 2515 535 2540 Ι.

171 2556 211 2596 Ρ)
236 2558 275 2588 L.
298 2558 376 2598 supr.
407 2559 463 2589 cit.
1607 2586 1610 2587 ν

151 2611 203 2650 tq)
222 2612 257 2640 In
277 2608 466 2641 hocerrore
485 2611 647 2643 versantur
670 2609 804 2650 Zmint,
842 2614 872 2646 δι
903 2616 953 2655 qui
982 2614 1068 2649 hunc
1104 2615 1267 2658 exscripsit
1287 2613 1543 2656 ehotographus
1572 2609 1745 2643 celebrium
1773 2607 1946 2648 ngfflae

128 2660 259 2694 urbium.
