2065 2927
185 142 237 183 w
800 122 1036 163 LIBRI
1114 124 1360 165 PRIMI

373 242 464 283 Tab.
492 241 565 280 ΙΙΙ.
594 242 862 289 fragmentum
899 236 1052 276 Tabulae
1082 251 1304 278 marmoreae
1334 251 1420 277 cum
1450 238 1591 277 refidua
1620 238 1894 290 inscriptione:

842 335 948 374 IMP.
989 334 1127 372 CAES
1175 355 1194 365 -
1244 358 1259 364 -
1309 358 1324 364 -

788 396 1105 438 VESPASIANI
1155 397 1184 434 F
1241 418 1255 424 —
1306 420 1321 425 -
1371 419 1387 427 -

674 464 833 503 PONT.
868 460 1004 500 MAX.
1044 459 1180 498 TRIB.
1221 458 1290 497 ΡΟ
1341 480 1356 487 -
1409 481 1423 488 -

750 515 1224 573 cosxfffilossfflon
1275 551 1290 557 -
1343 553 1425 561 --

365 663 484 702 Fastae
511 663 591 699 sunt
615 662 670 698 hae
694 659 966 708 Inscriptiones
992 669 1090 694 anno
1113 658 1238 707 primo
1268 654 1470 694 Domitiani
1495 658 1682 707 Augusti,
1712 657 1817 707 cujus
1842 671 1988 699 nomen—

196 732 236 768 in
269 728 327 766 his
358 725 545 777 lapidibus
585 723 835 761 verisimiliter
861 733 955 758 mox
990 721 1035 758 ab
1066 717 1145 770 ejus
1178 720 1331 757 interitu
1366 719 1507 756 erasum
1539 719 1633 768 fuit,
1667 722 1720 758 uti
1749 719 1826 771 jam
1860 735 1880 759 a
1907 723 1987 760 Co—

195 793 287 831 mite
302 790 476 829 Marsilio
503 788 742 825 observatum
763 784 826 823 est.
852 783 909 821 Ita
933 784 1034 822 enim
1057 783 1283 821 Suetonius:
1323 780 1492 831 Occisum
1511 814 1520 829 ‚
1555 783 1703 831 inquit,
1734 782 1988 824 Domitianum

191 852 355 907 populus
378 848 520 903 quidem
544 846 813 899 indifferenter,
838 844 938 884 miles
960 845 1165 897 gravffme
1192 844 1296 890 tulit,
1321 843 1518 895 statimque
1538 856 1617 882 eum
1640 842 1776 882 Divum
1798 845 1992 897 appellare

200 925 352 955 conatus
381 914 442 961 est.
470 942 476 949 .
509 942 516 949 .
545 942 552 949 .
582 912 721 948 Contra
754 908 912 947 Senatus
946 906 1043 945 adeo
1072 907 1212 946 Iaetatus
1242 907 1315 954 est,
1342 917 1382 944 ut
1408 905 1550 957 repleta
1578 906 1745 944 certatim
1778 908 1889 946 Curia
1920 923 1992 947 non

196 986 445 1028 temperaret,
475 974 557 1025 quin
581 984 763 1011 mortuum
788 968 1153 1020 contumeliosiffimo,
1193 978 1306 1018 atque
1335 966 1556 1018 acerbg'ffimo
1589 966 1895 1007 acclamationum
1921 984 1986 1022 ge-

198 1053 282 1077 nere
316 1037 518 1076 laceraret:
544 1034 676 1086 fialas
704 1033 813 1072 etiam
841 1032 1003 1084 inferri,
1036 1030 1257 1084 clypeosque
1290 1027 1321 1068 δ’
1346 1030 1523 1081 imagines
1555 1030 1631 1082 ejus
1656 1044 1786 1069 coram
1813 1029 1988 1083 detrahi,

197 1099 229 1140 &²
261 1098 394 1140 ibidem
419 1097 506 1148 sblo
540 1097 659 1149 affligi
684 1095 863 1147 juberet:
895 1095 1071 1144 novffme
1103 1090 1309 1132 eradendos
1343 1091 1474 1145 ubique
1503 1092 1629 1132 titulos
1648 1120 1662 1142 ,
1705 1087 1994 1147 abolendamque

199 1176 336 1202 omnem
364 1161 574 1200 memoriam
604 1159 822 1199 decerneret.
857 1158 976 1207 Quod
1004 1158 1119 1206 igitur
1150 1156 1483 1194 senatusconsulto
1511 1157 1645 1194 Romae
1674 1155 1868 1194 decretum
1898 1157 1992 1208 fuit,

197 1227 238 1264 id
271 1227 434 1263 coloniae
471 1236 623 1272 quoque
656 1224 694 1258 in
726 1222 939 1260 Provinciis
970 1232 1134 1258 executae
1166 1219 1274 1267 sunt,
1311 1217 1635 1267 quemadmodum
1668 1231 1713 1255 ex
1740 1218 1994 1269 inscriptioni-

199 1289 267 1328 bus
294 1289 405 1326 isthic
441 1287 567 1326 relatis
597 1287 781 1334 colligere
814 1285 914 1323 licet.

378 1349 468 1388 Tab.
496 1348 566 1389 JV.
595 1350 706 1399 Lapis
735 1349 775 1385 in
812 1348 954 1397 pariete
985 1345 1123 1384 domus
1153 1344 1308 1386 Joannis
1336 1340 1457 1380 Levai
1482 1343 1577 1380 civis
1606 1342 1854 1392 Sabarienfis,
1884 1358 1992 1382 orna·

196 1425 256 1454 fus
282 1413 478 1463 exsculpto
511 1414 700 1467 Grypho,
734 1411 931 1448 urceolum
962 1408 1120 1459 pedibus
1155 1407 1384 1456 stringente,
1411 1405 1452 1444 ὅ(
1478 1405 1644 1453 sequenti
1674 1405 1947 1455 Inscriptione:

458 1536 594 1575 SIGN.
637 1534 823 1573 VICTO.
1103 1528 1250 1581 Signum
1282 1527 1448 1567 Vieioriae

401 1601 452 1650 Q.
481 1599 607 1637 GAV.
645 1595 900 1636 MAXIMVS
1103 1592 1259 1645 Quintus
1287 1590 1430 1628 Gavius
1456 1611 1470 1617 -
1500 1617 1508 1626 .

355 1662 407 1712 Q.
459 1661 579 1700 POR.
632 1656 950 1698 PRISCIANVS
1109 1653 1267 1707 Quintus
1292 1652 1445 1691 Porcius
1469 1672 1486 1680 -
1513 1672 1529 1679 ·

434 1724 570 1762 MGG.
600 1721 718 1758 COL.
747 1719 871 1757 GEN.
1006 1730 1019 1736 ⁴
1104 1713 1291 1766 Magistri
1319 1711 1469 1765 Collegiz'
1498 1712 1614 1749 Genio

389 1784 419 1822 Ι.
447 1787 488 1823 Ρ.
516 1785 584 1822 3Ρ.
612 1783 703 1823 AEL.
733 1781 913 1819 EXVPE
1091 1775 1294 1828 Juventutis
1313 1773 1519 1812 Pannonicae
1547 1771 1702 1825 Spurius
1727 1771 1852 1812 AElius
1876 1795 1887 1799 -
1922 1795 1933 1801 -

399 1847 576 1885 RATVS
605 1846 675 1883 ET
704 1845 751 1882 T.
779 1843 904 1881 AVR.
1104 1861 1119 1868 -
1146 1861 1161 1866 -
1189 1836 1221 1877 ὃ
1255 1836 1360 1875 thus
1386 1834 1556 1875 Aurelius

421 1906 736 1947 PECVLIARIS
760 1905 891 1944 SCRI.
1109 1923 1124 1929 -
1151 1923 1166 1928 -
1194 1923 1208 1928 -
1235 1922 1249 1928 —
1277 1897 1406 1938 Scribe

501 1970 650 2007 COLL.
729 1967 822 2006 DD.
1109 1961 1260 2014 Collegii
1286 1959 1515 2000 Dedicarunt

396 2031 666 2072 MODESTO
696 2031 766 2068 ET
797 2030 905 2068 PRO
1258 2039 1264 2044 ‘

515 2094 587 2133 ΒΟ
678 2092 793 2130 COS.

380 2220 529 2270 Spec‘tat
555 2221 634 2256 haec
659 2217 863 2267 Inscriptio
892 2215 938 2252 ad
964 2227 1102 2251 annum
1130 2212 1270 2250 Christi
1298 2219 1382 2252 228.
1411 2209 1461 2246 ob
1476 2205 1667 2256 (modesti,
1694 2207 1733 2245 ὅ(
1762 2203 1872 2243 Probi
1896 2205 2001 2242 (³011-

208 2283 373 2319 sulatum.
407 2283 577 2321 Eandem
602 2281 897 2330 Inscriptionem
928 2275 1201 2325 Muratorius,
1229 2274 1296 2311 fibi
1324 2286 1343 2310 a
1369 2275 1408 2312 P.
1437 2272 1594 2309 Erasmo
1625 2270 1793 2319 Froelich
1827 2281 1894 2318 per
1916 2267 1998 2305 Do·

209 2345 392 2381 mimicum
427 2346 665 2382 Bricherium
701 2341 935 2380 Columbum
967 2339 1320 2385 communicatam,
1359 2334 1477 2372 edidit
1521 2332 1560 2374 T,
1590 2331 1657 2373 IV.
1695 2328 1798 2380 Thes?
1835 2329 2004 2381 Inscript.

205 2420 243 2457 p.
271 2418 424 2443 MML111.
447 2419 480 2455 7.
516 2407 590 2445 Sed
615 2406 719 2444 versu
744 2406 857 2444 tertio
886 2403 1066 2441 mendose
1100 2401 1213 2439 habet
1243 2401 1292 2448 Q.
1321 2398 1444 2436 TOR.
1469 2394 1770 2441 PRISCINVS,
1802 2404 1872 2430 nec
1905 2391 2001 2431 bene

210 2469 313 2506 versu
336 2470 468 2516 quinto
493 2470 537 2506 M
560 2470 587 2506 P
616 2470 652 2506 S.
682 2469 782 2506 Hinc
803 2480 960 2505 erronea
986 2465 1184 2503 Muratorii
1208 2461 1490 2511 interpretatio:
1530 2457 1709 2513 Quintus,
1745 2455 1895 2502 inquit,
1927 2453 2005 2490 Gez-

211 2530 287 2568 vius
319 2529 546 2578 Maximus,
577 2527 608 2567 Β
647 2530 804 2585 Quintus
842 2527 1054 2579 Torquatus
1086 2525 1266 2575 Priscinus
1286 2556 1294 2571 ‚
1333 2520 1565 2570 eruditg'ffimo
1597 2513 1782 2555 Bricherio
1801 2544 1813 2563 ,
1849 2513 1881 2552 Β
1920 2511 2006 2552 mihi

208 2594 289 2638 ‚liant
317 2590 503 2642 lislagistri
535 2591 686 2631 coloniae.
719 2589 794 2628 Sed
823 2588 912 2642 quid
947 2590 1060 2628 GEN
1095 2589 1140 2626 M
1166 2588 1193 2625 P
1224 2588 1282 2624 S?
1327 2585 1365 2622 St·
1398 2582 1604 2632 conjectum
1631 2579 1733 2617 locus
1763 2579 1835 2626 est,
1865 2589 1939 2628 pro
1967 2577 2004 2613 G

210 2654 290 2704 lego
318 2653 351 2690 C
367 2681 378 2701 7
397 2666 476 2705 pro
500 2654 531 2691 E
561 2651 643 2705 lego
667 2653 695 2689 L
710 2680 721 2701 ,
747 2665 825 2703 pro
849 2653 887 2689 N
915 2650 996 2703 lego
1017 2651 1091 2689 AV
1117 2648 1268 2701 geminis
1287 2647 1400 2689 literis
1421 2643 1615 2691 connexis,
1640 2642 1690 2679 ita
1711 2653 1749 2678 ut
1783 2640 1825 2677 sit
1849 2638 2004 2736 {LArV

1884 2713 1949 2736 [erl
