2065 2927
569 108 846 149 CAPUT
926 103 1364 156 QUARTUM.
1809 118 1872 142 121

262 197 526 241 Memorabilis
563 194 635 231 fuit
669 205 783 229 annus
816 194 965 240 quintus
1007 192 1162 242 Imperii
1195 189 1446 244 Philipporum
1486 188 1658 241 (Christi
1682 189 1792 237 248.)
1830 189 1881 226 ob

91 265 200 303 ludos
221 265 408 302 saeculares
434 269 646 305 annumque
672 258 807 307 Romae
830 256 993 293 condita:
1016 255 1256 293 mlilefimum
1287 255 1466 303 exquisita
1498 267 1584 292 cum
1613 265 1757 303 pompa
1783 253 1882 289 cele-

91 328 247 365 bratum.
271 329 411 365 Verum
434 333 533 359 anno
560 320 738 368 sequente
767 319 889 367 (Chr.
915 319 1029 367 243.)
1070 330 1268 366 utrumque
1303 314 1508 370 Philzppum
1527 331 1547 355 e
1578 316 1709 355 medio
1741 315 1882 353 sustulit

87 390 246 438 Decius,
272 387 434 427 Bubaliae
454 387 492 423 in
515 383 708 423 Pannonia
730 381 929 431 inferiore,
951 382 1031 431 agri
1051 382 1261 419 sirmiensis
1281 382 1369 418 vico
1383 409 1395 430 ‚
1417 392 1535 419 natus.
1557 380 1593 418 Is
1614 393 1702 418 cum
1726 378 1815 417 effet
1842 379 1880 414 in

90 453 249 490 Patriam
281 448 406 487 miffus
444 447 489 485 ad
523 445 766 495 castigandos
791 443 968 493 Marini,
1004 445 1068 492 qui
1102 443 1338 498 tyrannidem
1373 445 1604 495 arripuerat,
1642 442 1882 492 complices,

88 515 133 551 ab
163 514 328 551 exercitu
362 512 515 549 coaetus
544 522 622 549 erat
644 508 851 559 Imperium
880 508 1088 558 suscipere:
1115 508 1291 545 conflixit
1309 506 1356 543 ad
1386 506 1598 556 Veronam,
1625 507 1821 553 vicitque,
1844 504 1885 541 ὃ(

88 576 234 614 occidit
252 572 452 627 Philippos.
482 576 593 624 Lapis
622 573 841 620 milliarius,
867 573 1061 619 hucusque
1084 571 1269 619 ineditus,
1299 583 1412 619 quem
1442 569 1488 607 ad
1513 571 1633 621 ripam
1656 567 1820 608 Danubii
1846 567 1889 603 in

86 651 185 688 pago
209 635 345 687 Adony
367 637 473 688 vidi,
500 640 579 675 haec
605 635 710 679 Decii
733 636 912 683 nomina,
933 646 978 672 ac
1004 634 1132 672 titulos
1161 633 1292 672 habet:

612 761 717 799 IMP.
746 759 882 797 CAES
911 759 1107 798 MESSIO
1137 759 1353 808 QVINTO

554 822 805 863 TRAIANO
833 821 1008 859 DECIO
1038 823 1079 860 P.
1107 822 1150 858 F.
1180 821 1414 859 INVICTO

529 887 653 925 AVG.
707 884 987 922 PONTIFICI
1040 884 1269 922 MAXIMO
1324 883 1450 923 TRIB

707 946 827 984 POT.
882 947 984 985 COS
1038 968 1053 974 —
1106 968 1122 974 —
1174 968 1189 974 -
1240 968 1255 973 -

752 1029 767 1036 ·
822 1030 837 1036 -
889 1011 946 1048 Μ.
975 1011 1014 1047 Ρ.
1066 1030 1081 1036 -
1135 1030 1151 1036 -
1202 1030 1217 1036 -

251 1135 339 1174 Post
363 1133 540 1182 Decium,
574 1134 661 1181 qui,
690 1132 890 1183 postquam
916 1133 1086 1184 pluribus
1111 1134 1254 1184 proeliis
1282 1133 1441 1188 Scythas
1473 1129 1726 1178 contudisset,
1748 1131 1785 1166 in
1815 1141 1885 1178 po-
1944 1170 1946 1172 ,

79 1202 214 1240 strema
235 1211 361 1238 tamen
390 1196 634 1246 expeditione
658 1196 765 1233 fimul
787 1209 872 1234 cum
904 1198 985 1234 filio
1009 1199 1192 1248 perierat,
1222 1197 1475 1246 Imperatores
1498 1209 1516 1232 a
1541 1196 1678 1233 Senatu
1704 1195 1886 1231 Romano

78 1265 181 1303 fuere
207 1262 392 1300 nominati
430 1258 685 1307 Hostilianas,
721 1259 760 1298 &
801 1257 1049 1298 Trebonianus
1078 1259 1212 1298 Gallus
1239 1273 1339 1296 anno
1370 1260 1461 1296 Chr.
1495 1270 1579 1307 251.
1613 1259 1789 1306 Quorum
1822 1255 1887 1294 ille

79 1327 175 1366 haud
197 1327 320 1364 multo
345 1323 430 1374 post
453 1335 498 1360 ex
521 1322 729 1372 pestilentia
750 1322 871 1369 obiit3
900 1324 962 1361 hic
988 1337 1079 1362 vero
1118 1321 1353 1370 Volusianum
1387 1322 1508 1359 filium
1542 1319 1701 1369 Imperii
1729 1318 1887 1355 consor—

80 1402 156 1429 tem
180 1389 283 1428 fecit.
315 1387 524 1437 Imperium
554 1386 594 1425 &
620 1386 735 1424 vitam
767 1386 947 1436 produxit
979 1400 1058 1425 non
1085 1387 1179 1424 ultra
1205 1399 1345 1423 annum
1376 1385 1467 1423 Chr.
1502 1394 1587 1433 254.
1611 1383 1767 1433 Quippe
1803 1383 1883 1418 hoc

82 1454 167 1503 ipso
191 1464 290 1489 anno
312 1447 555 1497 Aemilianus,
581 1450 785 1487 Pannoniae
819 1449 1044 1499 Praefeetus,
1077 1450 1192 1488 relata
1227 1449 1274 1485 de
1308 1449 1462 1502 Scythis
1498 1447 1657 1485 victoria
1690 1443 1884 1493 tumidus,

83 1515 266 1554 exercitui
294 1511 544 1562 persuaserat,
578 1523 617 1548 ut
642 1512 677 1547 se
712 1511 988 1560 Imperatorem
1012 1513 1301 1559 renunciarent,
1327 1508 1442 1547 Gallo
1467 1510 1507 1547 &
1544 1506 1746 1555 Volusiano
1778 1520 1890 1545 exau-

85 1576 262 1622 «amatis,
298 1585 342 1609 ac
375 1573 596 1610 Interamnae
629 1573 779 1609 occifis.
815 1574 958 1611 Verum
998 1574 1109 1610 tertio
1149 1573 1291 1622 Imperi
1323 1572 1449 1609 mense
1488 1571 1527 1608 &
1565 1570 1643 1619 ipse
1678 1569 1886 1617 occubuit,

83 1651 102 1674 a
123 1636 289 1686 propriis
312 1634 494 1672 militibus
524 1634 770 1672 obtruncatus
788 1662 799 1682 ,
828 1647 929 1673 metu
951 1635 1041 1674 belli
1067 1637 1218 1681 civilis,
1248 1635 1428 1683 quoniam
1452 1632 1516 1670 sub
1546 1632 1650 1670 idem
1673 1644 1820 1682 tempus
1845 1633 1886 1671 in

82 1700 228 1738 Rhaetia
247 1698 286 1735 &
310 1698 462 1734 Norico
496 1695 716 1736 Valerianus
741 1699 853 1735 etiam
877 1701 1134 1748 proclamatus
1157 1698 1228 1736 fuit
1253 1697 1457 1747 Augustus.

1140 1852 1358 1858 „——---,
1556 1847 1596 1852 ..-

699 1943 1070 1994 CAPUT
1177 1945 1277 1994 IV.

89 2060 147 2101 De
177 2057 284 2099 rebus
317 2050 589 2099 Pannmiorum
612 2086 625 2106 ‚
659 2069 701 2096 ac
714 2055 921 2111 speciatim
953 2056 1223 2113 Srszrienstum
1242 2054 1320 2112 ‘fifh
1353 2056 1572 2107 Valeriano,
1605 2044 1652 2096 [3
1682 2053 1887 2108 Gallieno,

474 2127 631 2179 aliisque
662 2125 958 2180 Imperatoribus
989 2123 1100 2181 usque
1131 2127 1180 2167 ad
1208 2127 1500 2168 Diocletianum.

90 2227 219 2310 AD
247 2270 394 2306 clavum
427 2264 583 2317 Imperii
617 2266 830 2305 sedentibus
867 2263 1094 2315 Valeriano,
1125 2263 1312 2316 hujusque
1346 2265 1427 2303 filio
1460 2262 1653 2311 Gallieno,
1684 2263 1884 2302 tristissima

90 2346 167 2373 erat
189 2333 305 2371 Orbis
327 2323 494 2370 Romani
518 2330 646 2368 facies.
671 2330 878 2379 Imperium
905 2329 1005 2367 enim
1032 2330 1070 2365 in
1094 2341 1215 2379 partes
1241 2328 1403 2379 discerpi
1434 2329 1578 2377 coepit,
1602 2327 1882 2377 insurgentibus

91 2398 241 2446 triginta
263 2393 462 2433 successive
493 2394 691 2448 Tyrannis.
724 2391 989 2430 Funestiffimis
1027 2405 1204 2442 praeterea
1240 2392 1386 2429 damnis
1422 2392 1639 2441 provincias
1668 2390 1884 2428 afficiebant

86 2456 1886 2471 Wfflm..

89 2499 171 2532 bitur
194 2499 343 2531 Parthicus
367 2497 536 2536 Maximus,
558 2497 645 2539 quod
668 2498 775 2530 mirum
798 2497 902 2529 videri
926 2496 1040 2537 possit„
1063 2495 1118 2528 nisi
1140 2494 1200 2536 jim
1226 2497 1302 2528 alius
1326 2506 1454 2538 quoque
1476 2497 1569 2537 [apis
1592 2502 1739 2535 repertus
1763 2494 1886 2533 fuisset,

92 2553 143 2593 qui
165 2552 300 2594 perinde
325 2552 478 2594 Phih'ppo
502 2550 632 2582 Parthici
653 2551 777 2583 titulum
800 2550 921 2582 tribuit.
952 2550 1090 2591 Idgenus
1114 2550 1270 2590 Lapidem
1303 2550 1384 2591 apud
1412 2549 1568 2580 Toletanos
1600 2549 1630 2579 in
1654 2549 1804 2588 Hispania
1834 2556 1884 2577 re·

93 2612 214 2646 pertum
245 2605 347 2636 edidit
369 2603 559 2649 Hieronymus
587 2604 620 2635 de
641 2605 670 2635 la
703 2604 831 2647 Himera
864 2605 895 2635 in
927 2602 1097 2645 Dyptzho
1131 2602 1318 2639 Toletano,
1351 2613 1442 2644 quern
1467 2603 1500 2633 in
1525 2601 1700 2645 Luitpraniz'
1725 2599 1884 2640 Operibus

93 2658 282 2700 Antverpiae
298 2660 388 2701 1640.
403 2659 497 2691 editis
508 2664 625 2702 p.552.
648 2656 824 2700 impreffum
846 2658 999 2698 reperies.
1024 2658 1103 2689 Haec
1119 2656 1299 2689 Adnotan'o
1325 2656 1408 2689 deest
1429 2656 1463 2687 in
1484 2657 1573 2696 snpra
1585 2652 1885 2694 distzzxdpendice,

1496 2711 1535 2757 Q
