2065 2927
143 101 188 135 1'4
765 87 1001 128 LIBRI
1086 87 1335 127 PRIMI

142 186 262 216 terunt
288 205 299 224 ,
346 178 395 213 ita
437 174 633 212 ediderint.
676 175 783 211 Hanc
819 177 919 212 enim
956 173 1157 211 lectionem
1196 174 1316 213 modo
1353 174 1557 213 confirmat
1597 174 1746 225 &ipse
1780 176 1935 221 Plinius,

138 240 347 278 Ptolenm-t·
382 238 509 287 paullo
540 235 746 285 vetustior,
785 238 848 284 qui
880 237 916 272 in
948 236 1118 272 Desertis
1144 235 1332 287 Bojorum
1356 266 1369 285 ,
1407 249 1551 287 partem
1583 238 1788 277 Pannonia:
1815 240 1934 289 Supe-

139 302 249 339 rioris
278 302 428 337 Norico
461 299 664 335 finitimam
695 294 1061 347 conipleEtentibuS,
1094 301 1268 338 nominat
1285 300 1445 351 Juliam,
1476 300 1514 338 ὅ(
1540 300 1693 348 quidem
1721 303 1797 337 hoc
1833 302 1940 350 plane

142 361 374 410 oppidorum
397 360 557 407 ordine,
585 372 661 406 quo
690 360 728 395 in
755 359 954 396 Itinerario
983 358 1197 409 Antonini,
1219 363 1331 400 serius
1356 363 1440 413 post
1459 362 1633 411 Plinium,
1654 364 1693 402 δέ
1715 363 1942 403 ΡιοΙενηιειιιη.

140 424 401 470 concinnato,
434 424 587 472 ponitur
620 420 849 460 Vindobona.
885 422 996 460 Ordo
1035 432 1173 470 nempe
1209 422 1247 457 in
1269 421 1380 461 Plinio
1414 426 1477 461 hic
1509 425 1580 463 est:
1618 424 1801 471 Sabaria,
1827 425 1940 464 Scar-

137 485 289 534 bantia,
315 486 431 536 Julia.
464 487 507 524 ln
537 486 734 523 Itinerario
765 497 888 522 autem
920 496 1018 521 nunc
1045 483 1195 521 laudato
1225 497 1309 533 pag.
1333 497 1415 534 233.
1447 486 1632 534 Sabaria,
1668 485 1935 531 Scarabantia,

137 546 366 597 Macenum,
404 546 637 587 Vindobona.
669 548 723 586 Ita
760 562 853 597 ergo
884 560 954 584 una
984 545 1194 594 eademque
1220 546 1378 594 civitas,
1403 560 1483 594 quae
1508 548 1699 597 principio
1730 546 1853 585 Vinda
1873 561 1941 585 vo-

139 611 292 648 cabatur
322 612 405 661 (uti
441 624 525 649 mea
555 611 626 649 fert
660 612 820 661 opinio,
854 608 960 660 cujus
993 607 1278 646 fundamentum
1303 608 1481 655 sequente
1508 609 1632 659 libro,
1657 623 1743 648 cum
1766 610 1813 648 de
1837 609 1940 661 stis

138 675 343 714 Pannoniae
378 675 516 711 incolis
550 685 708 722 agetur,
741 670 937 719 adferam)
967 670 1163 708 restaurata
1196 670 1261 708 sub
1289 671 1495 708 oaaviano
1525 671 1722 721 Augusto,
1753 673 1817 719 qui
1847 672 1941 710 ado-

136 737 242 786 ptivo
276 737 432 774 nomine
457 735 579 786 Julius
612 747 716 784 erat,
739 732 844 786 Julia
875 731 1022 781 Vinda,
1052 734 1093 772 &
1128 733 1274 772 brevius
1298 732 1404 784 Julia
1425 732 1502 769 diei
1528 734 1666 782 coepit:
1693 735 1821 783 postea
1846 747 1936 771 vero

129 796 395 848 Juliobonam,
428 811 471 835 ac
508 797 657 835 tandem
684 811 728 835 ex
759 797 985 847 primigenia
1019 793 1142 834 Vindae
1172 795 1426 845 adpellatione
1461 793 1715 834 Vindobonam
1745 798 1934 848 adpellare

140 859 261 907 magis
295 872 340 897 ex
377 860 441 897 usu
468 859 548 897 fuit.
579 860 704 898 Serius
731 860 904 896 nonnulli
940 856 1237 905 Vindomanam,
1264 856 1304 895 ὃ(
1332 855 1589 894 Vindominam
1616 858 1805 908 scripsere.
1840 862 1935 909 Qui*

138 920 225 958 dam
262 921 466 960 Fauianam
505 935 660 971 quoque
691 921 829 957 dietam
862 920 1086 958 arbitrantur
1107 946 1120 966 ,
1166 932 1262 966 quos
1292 916 1520 957 Lambecius
1556 920 1693 957 refellit
1728 920 1781 968 ζ).
1811 923 1938 960 Hodie

138 982 282 1023 Vienna
307 984 464 1021 Austriae
485 985 549 1022 est.
583 984 708 1031 Usque
737 985 811 1019 huc
840 983 954 1031 igitur
986 979 1120 1019 Plinius
1143 994 1163 1017 a
1188 980 1351 1019 Sabaria
1373 980 1542 1018 extendit
1566 981 1708 1019 deserta
1730 980 1934 1033 Bojorum,

140 1045 229 1083 dum
263 1046 415 1084 scribit:
449 1045 600 1085 Noricis
629 1045 833 1098 junguntur
861 1044 966 1083 lacus
1002 1042 1063 1081 Pei
1081 1058 1124 1093 0,
1151 1042 1294 1093 deserta
1320 1044 1512 1093 Bojorum:
1538 1042 1621 1093 jam
1644 1054 1765 1082 tamen
1791 1043 1938 1083 colonia

132 1105 207 1146 divi
237 1104 382 1145 Claudii
424 1107 607 1156 Sabaria,
638 1105 671 1146 δ’
711 1107 853 1158 oppida
880 1105 1128 1153 Scarbantia,
1157 1104 1262 1156 Julia
1291 1102 1518 1146 habitantur,

310 1170 493 1209 Restituta
524 1183 615 1208 vero
643 1169 747 1209 Plinii
774 1171 937 1208 leetione
960 1170 1036 1205 iam
1062 1166 1224 1214 cuique,
1254 1166 1419 1215 opinor,
1458 1167 1511 1203 sat
1541 1179 1710 1217 apertum
1742 1169 1794 1207 est
1812 1196 1825 1216 ,
1858 1182 1937 1208 non

136 1234 237 1272 reste
275 1234 410 1273 sentire
446 1235 560 1283 illos,
596 1236 661 1282 qui
690 1235 907 1272 Pannonica
940 1229 1129 1280 Boiorum
1159 1229 1317 1267 Deserta
1352 1230 1529 1266 occasum
1562 1231 1685 1267 versus
1724 1244 1801 1268 non
1841 1234 1934 1269 ultra

136 1297 260 1333 lacum
292 1294 472 1346 Pegfimem
502 1309 563 1335 aut
590 1299 745 1336 fluvium
769 1294 945 1335 Leitkam
972 1289 1162 1346 pertigisse
1188 1290 1330 1328 volunt.
1368 1291 1467 1327 Nam
1498 1291 1523 1327 fi
1551 1303 1684 1340 praeter
1711 1292 1933 1342 sabariam,

134 1359 175 1400 ὅ(
201 1359 487 1410 Scarbantiam,
519 1362 632 1399 etiam
652 1359 778 1412 Julia,
807 1361 868 1397 seu
885 1357 1109 1410 Juliohona,
1146 1352 1186 1390 id
1211 1353 1263 1391 est
1285 1381 1297 1401 ‚
1341 1350 1561 1392 Vindobona
1591 1356 1629 1391 in
1657 1356 1730 1392 illis
1761 1356 1933 1406 steterat,

136 1421 284 1460 necess'e
320 1422 495 1472 profecto
525 1423 599 1472 est,
635 1433 676 1460 ut
705 1434 781 1459 non
814 1432 882 1471 per
910 1417 1111 1468 Hungariae
1138 1415 1315 1454 duntaxat
1345 1427 1520 1464 partem,
1553 1429 1685 1454 verum
1716 1418 1827 1454 etiam
1863 1428 1930 1467 pet·

138 1484 361 1533 contiguam
388 1485 546 1522 Austriae
573 1485 792 1535 portionem
824 1483 940 1531 usque
969 1481 1136 1521 vicinum
1161 1477 1378 1518 Vindobona
1410 1489 1583 1516 montem
1613 1477 1777 1525 Cetium,
1810 1478 1925 1526 Supe-

138 1549 250 1585 rioris
285 1550 488 1586 Pannoniae
527 1547 719 1595 quondam
748 1548 974 1594 terminum,
1006 1544 1153 1582 extensa
1184 1543 1332 1580 fuerint.
1365 1542 1459 1578 Non
1490 1553 1622 1577 moror
1657 1540 1815 1589 proinde
1849 1538 1932 1575 infi-

137 1621 259 1648 cetam
283 1607 472 1646 Harduini
495 1606 777 1659 conjeeluram,
808 1622 921 1656 quarn
952 1610 984 1645 is
1013 1608 1059 1643 ad
1090 1608 1153 1643 illa
1181 1607 1292 1643 Plinii
1318 1604 1450 1640 verba:
1484 1601 1635 1638 Noricis
1652 1601 1859 1650 junguntur
1878 1598 1932 1637 la·

133 1685 198 1711 cus
231 1669 354 1720 Peiso,
382 1670 538 1719 Deserta
569 1670 768 1720 Bojorum:
802 1671 901 1706 hunc
927 1669 964 1705 in
1000 1668 1159 1706 modum
1189 1666 1300 1704 nobis
1330 1661 1522 1703 obtrudit;
1547 1660 1693 1698 Rei-‘lius
1714 1660 1847 1707 forte,
1876 1660 1934 1694 in·

136 1734 244 1781 quit,
283 1733 369 1770 lacu
399 1731 557 1784 Speisb:
590 1741 632 1768 ut
655 1730 710 1778 fit
746 1730 832 1769 lacu
857 1729 921 1768 illo
949 1730 1119 1782 conjungi
1149 1728 1300 1768 Noricis
1327 1726 1482 1776 Deserta
1514 1722 1686 1772 Bojorum
1719 1720 1776 1787 a)-
1815 1720 1931 1759 Certe

136 1797 234 1833 nihil
265 1795 392 1833 suadet
419 1795 608 1844 amplius,
644 1807 710 1831 cur
744 1791 924 1842 Peisbnem
953 1793 991 1830 in
1013 1791 1176 1844 Speisum
1207 1790 1341 1839 refingi
1374 1796 1594 1838 oporteret,
1621 1796 1709 1820 cum
1732 1796 1808 1833 Jam
1834 1795 1929 1820 con-

135 1858 233 1905 stet,
269 1857 415 1893 initium
452 1857 604 1893 illorum
639 1855 889 1894 Desertorum
927 1867 1006 1892 non
1045 1853 1092 1890 ad
1123 1855 1224 1891 hunc
1259 1853 1383 1889 lacum
1406 1878 1417 1898 ,
1456 1846 1519 1885 sed
1562 1845 1607 1883 ad
1640 1845 1747 1894 supra
1784 1844 1927 1882 dietum

133 1932 304 1959 montem
337 1920 490 1958 Cetium
524 1919 641 1957 fuisse.
673 1919 776 1967 Quin
810 1919 922 1956 etiam
960 1930 1061 1968 patet
1090 1918 1214 1963 ratio,
1243 1927 1309 1952 cur
1337 1926 1416 1950 non
1447 1910 1634 1960 scripserit
1658 1908 1825 1945 Plinius:
1852 1906 1932 1944 No·

130 1981 216 2021 ricis
236 1981 406 2034 jungitur
432 1981 538 2020 lacus
568 1980 691 2030 Peiso;
721 1981 784 2019 sed
811 1983 967 2031 potius;
999 1979 1150 2019 Noricis
1170 1979 1378 2030 junguntur
1406 1973 1510 2012 lacus
1538 1969 1636 2018 Peisb
1653 1997 1665 2018 ,
1697 1966 1840 2018 deserta
1864 1968 1933 2004 Bo·

123 2046 266 2095 jorum:
302 2059 379 2095 quo
407 2057 546 2095 nempe
583 2044 731 2082 facilius
762 2046 974 2093 intelligas,
1012 2055 1089 2080 non
1119 2054 1194 2080 tam
1223 2042 1347 2078 lacum
1376 2036 1574 2086 Peisonem,
1604 2045 1715 2081 quam
1745 2032 1822 2082 ipsa
1853 2032 1935 2069 De-

133 2110 253 2158 serta,
283 2109 321 2146 in
352 2108 486 2157 quibus
515 2108 580 2145 hic
614 2108 718 2145 lacus
756 2118 856 2154 erat,
894 2105 1053 2144 Noricis
1082 2101 1232 2152 iumsta,
1268 2103 1329 2140 seu
1365 2097 1602 2138 contermina
1634 2094 1750 2132 fuisse-

304 2171 357 2209 At
390 2184 482 2209 vero
514 2172 675 2213 Joannes
710 2169 896 2208 Severinus
930 2167 1149 2218 complures
1181 2164 1336 2202 adducit
1367 2161 1564 2207 tationes,
1592 2157 1726 2206 quibus
1755 2158 1931 2196 evincere

135 2231 288 2280 nititur,
306 2244 409 2269 astate
429 2229 531 2270 Plinii
550 2232 738 2270 Noricum
764 2232 877 2280 usque
892 2232 938 2269 ad
953 2233 1076 2270 lacum
1097 2224 1276 2276 Peis'onem
1290 2221 1480 2275 pertigisse
1494 2249 1507 2268 ν
1531 2219 1697 2267 ideoque
1715 2221 1930 2257 Paflflffl‘ica

133 2289 320 2342 Bojoruni
341 2294 498 2331 Deserta
524 2294 669 2331 nonnifi
695 2292 741 2330 ab
762 2295 838 2331 hoc
863 2294 946 2330 lacu
972 2286 1202 2330 Arrabonem
1226 2285 1350 2324 versus
1376 2280 1612 2333 procurrisse.
1637 2283 1697 2319 En
1718 2282 1798 2317 illas
1821 2293 1929 2318 com-

135 2354 297 2405 pendio:
336 2355 404 2395 Ait
429 2354 573 2407 primo:
606 2354 706 2405 apud
739 2352 954 2393 Strabonem
983 2348 1131 2402 Bojos‚
1159 2349 1361 2390 Pannonia:
1390 2346 1602 2397 populum,
1635 2357 1655 2381 a
1687 2343 1791 2381 Raba
1817 2356 1927 2382 amne

178 2564 213 2603 κ)
237 2562 310 2595 Lib.
335 2565 361 2595 1.
385 2562 470 2594 Bitu.
497 2564 573 2594 Caes.

176 2618 209 2658 a)
232 2618 269 2649 In
291 2617 379 2649 notis
403 2616 431 2649 ἂι
458 2616 609 2648 emendat,
636 2614 674 2646 ad
698 2615 799 2647 Plinii
820 2614 888 2648 hist.
913 2623 974 2648 nat.
1002 2617 1098 2648 Toni.
1125 2615 1151 2646 Ι.
