2065 2927
161 102 210 138 42
775 77 1013 118 LIBRI
1092 78 1340 120 PRIMI

162 179 228 230 ἃ,
273 188 388 227 vquam
421 172 495 210 alio
532 170 566 205 in
604 167 736 204 itinere
769 164 932 202 vidimus
965 162 1230 215 Mogetianam
1255 194 1267 213 ,
1309 178 1379 216 pro
1414 178 1483 204 una
1518 166 1726 217 eademque
1760 169 1953 210 ManfiOne

162 242 305 288 habet,
343 234 485 276 tametsi
518 241 695 278 magnum
732 227 773 265 fit
803 228 840 263 in
869 227 1067 264 intervallo
1104 238 1124 263 a
1154 225 1315 267 Sabaria
1356 229 1559 268 discrimen
1581 244 1595 269 r
1628 233 1706 269 hoc
1735 234 1835 270 enim
1866 235 1955 272 inde

165 317 289 345 ortum
325 300 476 343 censet,
515 292 619 343 quod
652 292 690 328 in
716 292 834 329 altero
862 292 940 328 hoc
970 289 1104 327 itinere
1138 289 1196 326 via
1232 291 1530 331 circumducitur
1558 305 1628 344 per
1647 293 1882 343 Mestrianus
1905 296 1957 347 9).

168 370 227 406 En
251 363 545 402 consentientem
574 355 687 393 nobis
715 352 966 392 dofflssinium
997 351 1183 390 Itinerarii
1208 353 1393 392 Antonini
1426 355 1612 394 editorem
1636 385 1650 405 ‚
1687 358 1727 396 &
1759 341 1957 396 commeti-

169 439 340 468 tatorem.
369 424 465 470 Quis
497 431 622 458 tamen
648 418 756 456 locus
788 415 904 454 hodie
935 411 1194 465 Mogentianis
1217 416 1463 467 respondeat,
1498 420 1645 458 filentio
1671 422 1842 471 praeterit.
1872 423 1956 459 Nos,

165 492 275 529 duclu
310 487 459 530 alterius
487 483 654 529 itineris,
690 493 710 517 a
743 478 875 518 Sirmio
910 477 1092 516 videlicet
1120 474 1317 515 sabariam
1348 478 1549 531 descripti,
1587 484 1683 519 hanc
1719 484 1949 522 mansionem

169 550 370 598 Saladino,
397 549 502 585 aliter
526 542 863 595 SzaIa-Egerszeg
889 540 1014 588 dieto,
1035 539 1309 588 adscripsimus.
1337 541 1437 578 Hinc
1457 556 1548 581 vero
1569 556 1694 594 patet,
1719 557 1861 593 quanto
1881 548 1952 583 cir-

167 616 271 653 cuitu
293 616 369 651 hoc
389 612 458 649 iter
481 608 653 658 duxerit,
680 607 706 644 fi
739 606 840 656 prius
872 602 919 639 ad
938 614 1079 652 pagum
1100 600 1264 649 Mestri,
1288 601 1375 639 dein
1398 603 1445 639 ad
1469 606 1654 655 oppidum
1683 605 1822 658 Szala.
1839 606 1955 659 Eger-

157 680 252 730 szeg
288 676 499 714 diverterat.

336 738 524 776 Caeterum
559 733 722 780 reliquas
759 727 867 781 hujus
903 729 1049 767 itineris
1089 729 1300 767 mansiones
1334 726 1410 779 jam
1446 731 1485 766 in
1516 731 1575 767 via
1620 731 1796 771 hodierni
1833 733 1958 770 cursus

167 801 310 854 publici
338 799 560 847 investigare
590 794 732 833 licebit.
755 793 908 841 Reliqui
930 792 1031 828 enim
1058 793 1228 839 numeri,
1252 792 1336 842 post
1350 790 1620 844 Mogentianas
1647 794 1757 842 usque
1786 795 1960 833 Acincum

167 864 368 914 adscripti,
394 875 472 900 non
496 860 579 911 plus
612 858 807 904 efficiunt,
843 867 956 903 quam
987 853 1052 892 M.
1077 852 1114 895 P,
1139 852 1279 893 CXIV.
1303 853 1342 890 id
1367 854 1442 903 est,
1471 855 1596 892 nostra
1625 856 1776 894 circiter
1793 868 1849 901 24.
1877 858 1963 899 mil.

168 929 300 976 liaria,
335 936 430 975 quot
460 923 578 972 reipsa
611 920 723 958 facile
755 919 836 956 sunt
861 917 906 954 ab
935 917 1084 966 oppido
1112 916 1247 966 Szala-
1267 915 1456 968 Egerfzeg
1485 918 1599 964 usque
1629 916 1773 956 Budam
1800 930 1961 957 veterem.

166 993 248 1036 Jam
278 991 392 1040 igitur
428 987 474 1025 de
508 982 737 1034 Caesariana,
769 994 850 1028 quae
881 992 980 1018 nunc
1012 980 1198 1027 sequitur,
1229 979 1437 1017 videamus.
1512 988 1515 991 ’

342 1048 545 1100 Caesariana
577 1045 711 1085 millib.
739 1043 823 1095 pass]
842 1044 968 1081 XXX.
992 1042 1029 1080 id
1056 1043 1133 1091 est,
1161 1042 1361 1081 intervallo
1390 1041 1604 1079 nostrorum
1638 1042 1699 1080 sex
1726 1044 1960 1093 milliarium,

165 1131 210 1156 ac
240 1114 391 1154 dimidii
420 1112 572 1150 circiter
610 1122 629 1146 a
660 1106 919 1159 Megenfianis
946 1117 1174 1143 removetur.
1212 1106 1300 1142 Hoc
1332 1104 1568 1142 intervallum
1612 1105 1659 1142 ab
1696 1106 1845 1156 oppido
1872 1106 1964 1154 δῖα-

164 1178 431 1232 la·Egerszeg
457 1173 639 1226 pertingit
669 1171 782 1218 usque
823 1166 1092 1220 Tapoltza-f&
1128 1167 1326 1206 stationem
1359 1166 1653 1205 Veredariorum
1671 1195 1683 1216 ,
1713 1165 1856 1205 Bzcdam
1884 1180 1962 1206 ten-

167 1244 350 1281 dentium.
386 1241 459 1277 Hic
493 1249 585 1286 ergo
618 1235 696 1273 loci
726 1233 890 1271 extiterit
923 1230 1155 1281 Caesariana,
1186 1231 1246 1269 seu
1282 1231 1443 1279 Caefizrea
1478 1229 1558 1278 (fic
1588 1231 1689 1266 enim
1719 1230 1755 1265 in
1785 1230 1962 1267 omnibus

166 1308 243 1346 fere
278 1300 581 1352 exemplaribus,
606 1308 769 1347 excepto
802 1296 928 1344 Regio
960 1284 1154 1340 Parisino,
1189 1293 1354 1341 legitur,
1388 1304 1569 1330 monente
1601 1281 1874 1340 Weffelingio,
1899 1294 1962 1339 qui

166 1382 291 1410 tamen
320 1369 357 1404 in
389 1364 558 1402 editione
584 1362 645 1399 sua
677 1359 882 1398 Parifinum
913 1358 1059 1395 secutus
1091 1355 1186 1404 est).
1216 1356 1354 1403 Neque
1386 1355 1494 1391 locus
1526 1355 1593 1391 iste
1622 1354 1829 1392 destituitur
1856 1354 1963 1391 vesti-

165 1435 236 1485 giis
266 1442 373 1469 tautae
405 1426 658 1475 antiquitatis:
694 1422 773 1461 vidi
806 1421 884 1472 ipse
912 1421 1060 1468 aliquot
1093 1417 1231 1454 abhinc
1257 1418 1362 1454 annis
1394 1417 1492 1467 apud
1524 1418 1575 1455 D.
1601 1416 1766 1465 Kazzay
1787 1418 1964 1453 Pharma-

169 1506 351 1547 copoeum
384 1488 709 1528 Debrecinensem
727 1515 738 1535 ,
770 1487 1009 1533 hexagonam
1044 1480 1211 1519 tesseram
1245 1492 1290 1517 ex
1318 1491 1386 1515 aere
1404 1507 1415 1526 a
1443 1492 1555 1526 quam
1584 1477 1765 1528 poffess'or
1790 1477 1959 1517 adfirma-

164 1560 226 1597 bat
258 1558 294 1593 in
324 1550 588 1605 'Iapoltzwfb
620 1551 835 1595 inventam,
860 1549 931 1583 hac
957 1544 1202 1595 inscriptione
1230 1542 1439 1591 insignem:

747 1671 942 1711 SIBILLA
975 1665 1378 1707 VNGVENTARIA

531 1738 762 1778 LIBERTA
801 1736 943 1774 SEPT.
981 1730 1172 1770 SEVERI
1212 1730 1353 1767 IMPE.
1383 1725 1595 1766 VENDIT

640 1796 1039 1838 CROCOMAGMA
1076 1793 1135 1831 IN
1169 1822 1176 1830 .
1206 1821 1213 1828 .
1245 1820 1251 1828 .
1280 1789 1501 1829 RHISPIA.

361 1934 448 1971 Hoc
477 1937 729 1967 monumento
764 1924 991 1975 praelucente
1026 1919 1187 1957 arbitror
1224 1915 1464 1966 Caesarianam
1490 1941 1502 1962 ,
1536 1912 1608 1950 five
1647 1911 1842 1959 Caesaream
1871 1912 1963 1947 Pan-

172 2002 295 2040 noniae
327 2009 404 2035 non
435 1994 545 2031 aliam
578 1988 683 2028 fuisse
706 2017 718 2037 ,
753 2000 864 2036 quam
901 1982 1103 2036 Rhispz'am.
1141 1980 1280 2019 Suadet
1311 1981 1388 2016 hoc
1422 1977 1499 2026 ipse
1535 1986 1686 2023 quoque
1714 1973 1963 2016 Ptolemaeus,

172 2066 238 2113 qui
266 2057 459 2112 Rhisl'viam
488 2057 563 2093 hoc
597 2053 679 2103 ipso
719 2051 796 2088 fere
827 2050 892 2087 situ
927 2047 1022 2085 infra
1058 2044 1256 2084 Savariam
1292 2044 1390 2079 inter
1420 2041 1591 2084 civitates
1625 2036 1829 2075 Pannoniae
1862 2035 1968 2084 supe·

172 2127 283 2165 rioris
318 2130 535 2164 enumerat3
569 2115 722 2154 suadent
750 2113 852 2151 idem
887 2111 1060 2160 exempla
1098 2120 1252 2156 quoque
1279 2104 1535 2154 complurium
1561 2100 1716 2136 aliarum
1748 2100 1785 2135 in
1813 2097 1965 2134 diversis

174 2186 389 2227 Provinciis
422 2182 600 2228 urbium,
631 2191 712 2227 quae
737 2176 803 2214 sub
834 2175 1018 2214 Romanis
1051 2172 1212 2220 Caes'areae
1239 2168 1431 2219 adpellatae
1463 2166 1566 2211 sunt⁷
1587 2162 1646 2200 vel
1672 2172 1819 2199 retento
1844 2160 1966 2205 simul,

179 2250 240 2289 vel
268 2249 413 2286 abolito
440 2245 653 2292 antiquiore
675 2240 831 2278 nomine
860 2239 937 2276 suo.
966 2238 1022 2276 Ita
1053 2235 1189 2283 legitur
1220 2233 1380 2281 Caesarea
1411 2222 1605 2265 Antiochia
1632 2221 1781 2269 Pilz'diae,
1806 2223 1967 2269 Caesarea

181 2309 380 2362 Bithynia„
409 2310 569 2357 Caesarea
600 2302 865 2358 Cappadociae,
903 2301 950 2338 de
975 2313 1046 2349 qua
1076 2297 1242 2335 Plinius:
1274 2293 1348 2332 Sub
1378 2287 1669 2339 monteflrgaeo,
1702 2286 1843 2333 inquit,
1869 2282 1967 2321 Ma*

175 2389 298 2425 zaca,
337 2384 409 2423 quae
437 2383 527 2408 nunc
558 2371 719 2419 Cesarea
747 2364 952 2404 nominatur
985 2362 1033 2411 r).
1071 2361 1165 2397 Non
1196 2358 1309 2407 igitur
1344 2356 1496 2392 illorum
1528 2352 1716 2389 sententiae
1746 2346 1963 2392 subscribo,

179 2439 243 2488 qui
280 2434 535 2485 Vesprimium
569 2445 637 2480 pro
673 2427 826 2480 Rhispz'a
861 2427 1010 2464 habent.
1055 2426 1179 2474 Quam
1215 2420 1369 2468 quidem
1403 2415 1621 2455 sententiam
1657 2414 1731 2450 alio
1771 2412 1881 2446 etiam
1921 2423 1962 2447 cx

180 2510 1599 2545 ww*
1612 2507 1773 2516 --οι-κ-νν-ωὴο
1783 2506 1856 2513 »να-»ν
1876 2504 1897 2511 ⁴<
1908 2506 1924 2511 ›-

233 2595 252 2618 ὅ·
275 2591 312 2623 P.
340 2598 408 2624 2:12.

223 2616 251 2675 ,⁷⁴-
274 2628 434 2680 suasim.
457 2640 511 2672 iiia.
537 2639 592 2670 vt,
619 2645 675 2675 cip
731 2662 737 2668 ,
