2065 2927
574 150 852 188 CAPUT
934 149 1398 189 SEPTIMUM.
1839 163 1885 202 55

169 240 277 278 IMP.
307 239 454 277 CAES.
483 236 707 274 NERVAE
738 235 985 273 TRAIANO
1012 236 1273 274 AVGVSTO
1302 237 1580 275 PARTHICO
1609 236 1822 275 DACICO

102 302 262 341 PONT.
289 300 514 341 MAXIMO
540 301 622 337 TR.
643 298 976 337 POTESTATIS
999 299 1113 336 COS.
1136 299 1183 334 V.
1207 301 1277 336 PP.
1299 299 1346 337 A.
1369 301 1566 338 NERIVS
1589 328 1596 337 .
1618 329 1625 337 .
1646 329 1653 336 .
1681 300 1882 340 AVGVR.

451 361 860 401 SACERDOTALIS
898 363 970 400 EX
1007 361 1252 399 COLONIA
1287 362 1534 400 SAVARIA.

271 502 306 538 3.
333 488 450 541 Apud
477 490 681 527 Gruterum
706 497 801 539 pag.
825 497 1009 526 nccxmv.
1035 499 1069 525 2.
1098 485 1260 524 Sabariae
1288 487 1328 523 in
1357 486 1435 525 aede
1462 488 1499 526 S.
1518 489 1692 526 Martini:

440 611 584 652 BENE
613 611 1011 651 MEMORANDAE
1040 610 1277 650 CONIVGI
1300 612 1536 651 DVLCISS.

488 675 641 724 QVAE
668 674 775 712 VIX.
802 673 890 711 AN.
906 672 1054 711 XXIV.
1080 673 1180 711 IVL.
1206 674 1486 713 POMETIVS

363 738 485 776 AVR.
514 736 769 775 IVSTINAE
797 735 1038 774 MARITVS
1068 764 1076 772 .
1112 737 1184 774 ET
1211 737 1365 775 LECT.
1394 736 1606 776 ORNAM.

227 802 298 840 ET
335 799 667 839 PROTECTOR
706 796 934 836 CONTRA
963 798 1164 836 VOTVM
1192 800 1500 840 MEMORIAM
1526 799 1734 839 POSVIT.

262 924 431 963 Eandem
459 924 745 974 inscriptionem
773 922 894 961 edidit
919 924 1100 961 Gruterus
1134 937 1154 961 e
1179 923 1338 961 schedis
1366 923 1485 962 Clufii
1518 938 1603 976 pag.
1628 935 1820 964 ncccxvt.
1846 933 1880 973 5.

89 987 164 1027 sed
197 987 365 1037 quaedam
400 987 531 1033 aliter,
564 998 702 1035 nempe
733 986 839 1023 VIX.
873 986 963 1023 AN.
992 987 1079 1024 XX.
1116 988 1172 1025 M.
1198 988 1246 1025 V.
1278 988 1350 1025 FL.
1386 989 1715 1027 POMENTIVS.
1751 988 1883 1025 Variat

86 1064 245 1099 quoque
275 1051 388 1088 lestio
418 1048 518 1099 apud
547 1049 700 1086 Lazium
731 1049 755 1085 l.
778 1049 874 1099 supr.
899 1051 963 1087 cit.
986 1050 1038 1086 ibi
1068 1050 1169 1088 enim
1196 1049 1270 1088 est:
1304 1050 1410 1088 VIX.
1434 1051 1525 1089 AN.
1548 1052 1627 1089 XX
1652 1050 1741 1089 IVI.
1765 1050 1879 1088 VEL.

64 1112 415 1153 POMENTIVS.
449 1113 536 1149 Nos
566 1109 752 1149 Aureliam
773 1109 954 1162 Juftinam
981 1113 1019 1149 in
1046 1112 1121 1149 alio
1150 1111 1274 1162 lapide
1301 1112 1508 1152 Sabarienfi
1540 1114 1663 1151 adhuc
1688 1112 1880 1163 superstite

87 1174 276 1214 edidimus
309 1172 400 1213 Tab.
420 1172 485 1212 Vl.
512 1174 635 1223 capite
662 1173 921 1224 praecedente,
947 1174 1012 1214 sed
1032 1175 1078 1213 ab
1100 1175 1165 1213 ista
1186 1174 1368 1216 diversam
1383 1204 1392 1215 .
1419 1177 1560 1227 quippe
1584 1177 1784 1215 Annorum
1800 1175 1880 1214 XL.

86 1237 128 1277 &
153 1235 292 1276 Aurelii
314 1235 456 1289 Gajanz'
481 1234 702 1287 conjugem.

256 1374 289 1404 4-
318 1359 433 1411 Apud
455 1363 656 1401 Gruterum
681 1376 716 1414 p.
738 1363 856 1402 XLV.
880 1374 912 1412 5.
937 1363 1097 1402 Sabariae
1116 1365 1310 1403 inventum
1326 1393 1336 1412 ‚
1372 1364 1411 1403 ὅ(
1438 1364 1474 1402 in
1502 1363 1604 1402 aedes
1633 1364 1736 1401 Lazii
1765 1374 1880 1401 cranz-

75 1422 190 1461 latum
219 1423 267 1460 Vi
290 1436 446 1462 ennam:

307 1547 464 1584 HERC.
493 1547 617 1585 AVG.
982 1548 1134 1588 Herculi
1153 1547 1318 1601 Augusto

86 1607 395 1646 CANAERIVS
425 1609 549 1648 AVG.
578 1611 667 1648 NN.
697 1612 805 1649 SER.
978 1635 992 1641 -
1020 1634 1036 1641 -
1065 1610 1312 1663 Augustorum
1336 1610 1560 1657 Nostrorum
1583 1610 1718 1650 Servus

191 1670 244 1707 D.
272 1670 308 1706 S.
341 1672 386 1707 V.
414 1672 450 1708 S.
478 1672 517 1708 L.
547 1673 586 1709 L.
615 1674 670 1710 M.
836 1672 962 1711 Domo
981 1673 1138 1712 Savaria
1165 1672 1300 1712 Votum
1308 1673 1424 1724 solvit
1449 1673 1561 1713 libens
1580 1673 1695 1713 libero
1718 1688 1875 1714 munere.

256 1794 399 1831 Eadem
422 1795 617 1845 inscriptio
642 1795 777 1844 legitur
796 1797 895 1847 apud
916 1799 1070 1837 Lazium
1098 1799 1179 1837 Lib.
1204 1801 1300 1850 supr.
1323 1800 1387 1837 eit.

254 1928 287 1965 5.
316 1917 431 1967 Apud
456 1919 705 1956 Muratorium
738 1918 779 1958 T.
804 1917 873 1958 IV.
897 1920 996 1960 Novi
1024 1918 1130 1971 ‘Uzesf
1146 1937 1189 1974 p.
1214 1935 1368 1962 MMva.
1397 1922 1562 1963 Sabariae
1582 1925 1773 1963 inventum
1804 1928 1873 1962 rui-

81 1980 127 2016 fit
153 1980 363 2018 Muratorio
391 1981 621 2019 Dominicus
645 1983 861 2022 Bricherius
889 1984 1116 2024 Columbus.

338 2103 385 2141 C.
414 2104 610 2143 CAESIO
639 2106 684 2142 C.
1016 2110 1107 2160 Cajo
1136 2109 1240 2157 Caefio
1265 2110 1348 2158 Caii

302 2164 342 2201 F.
370 2166 446 2203 CL.
474 2167 701 2206 VICTORI
1015 2170 1107 2209 Filio
1130 2171 1290 2212 Claudia
1312 2173 1408 2212 tribu
1434 2171 1573 2212 Vici'ori

250 2225 338 2262 AN.
376 2227 417 2264 L.
456 2230 527 2267 ET
563 2230 744 2269 IVLIAE
1007 2231 1192 2272 Armorum
1213 2236 1497 2287 quinquaginta:
1524 2236 1563 2274 ὅ(
1578 2234 1681 2287 Juliae

177 2286 241 2324 TI.
270 2287 310 2325 F.
337 2289 687 2331 PROCVLEIAE.
717 2293 804 2331 CO.
1009 2293 1143 2334 Tiberii
1166 2295 1256 2335 Filiae
1278 2296 1466 2347 PmculeJ’ae
1487 2297 1643 2350 Conjugi

179 2349 264 2386 AN.
293 2351 333 2386 L.
363 2350 408 2388 C.
438 2352 659 2393 CAESIVS
687 2356 760 2393 CA
984 2356 1168 2396 Annorum
1191 2371 1244 2396 zo.
1267 2359 1379 2409 Cajus
1398 2359 1523 2408 Castus
1548 2362 1620 2399 Ca-

134 2412 302 2450 TVLVS
357 2415 427 2452 ET
480 2415 526 2453 C.
575 2417 798 2457 CAESIVS
984 2419 1082 2458 tulus
1103 2419 1135 2460 ὃ
1156 2421 1268 2468 Gaias
1289 2415 1414 2471 Caefiiis

75 2473 319 2513 OPTATVS
349 2478 419 2514 ET
447 2477 640 2517 CAESIA
693 2503 707 2510 -
759 2503 774 2511 -
825 2503 840 2512 ·
979 2483 1145 2533 Optatus
1169 2482 1202 2522 <⁹5
1227 2484 1334 2531 Caefia
1369 2484 1451 2523 Uri-

220 2536 292 2575 CA
319 2539 599 2579 PARENTIB.
628 2542 696 2582 ΟΡ
995 2559 1041 2582 ca
1065 2544 1275 2586 Parentibus
1295 2547 1467 2599 Opsimis.

381 2602 478 2641 TIM
483 2603 499 2640 I
503 2604 527 2641 S
