2065 2927
616 111 894 151 CAPUT
962 108 1383 160 QUINTUM.
1843 115 1885 151 3³1

97 213 218 251 Notat
242 201 520 257 lVfflingius‚
542 202 639 238 hanc
660 200 891 238 mansionem
914 198 959 234 »in
983 196 1242 245 compluribus
1267 208 1340 233 tam
1359 191 1621 242 manuscriptis
1637 219 1650 240 ,
1685 202 1799 238 quam
1821 190 1893 226 im·

107 273 233 325 pressis
265 268 443 309 Itinerarii
469 264 744 315 exemplaribus
774 261 903 300 vocari
933 257 1093 296 Silicenis
1121 258 1171 308 r).
1204 259 1300 296 Fors
1330 259 1427 294 loco·
1454 267 1596 294 nomen
1627 255 1705 292 hoc
1729 252 1892 290 inditum

103 351 124 374 a
155 336 328 381 Szlicum,
358 330 492 380 quibus
522 327 786 374 abundaverit,
818 324 941 373 copia.
975 322 1155 359 simlerus
1187 320 1363 359 Silicenas
1395 321 1661 370 interpretatur
1696 313 1826 364 Zebd‚
1854 315 1895 354 ὅ(

103 398 259 438 Valcum
288 393 404 442 Voltz
422 392 488 442 s);
521 406 601 441 quae
631 403 693 429 aut
725 389 885 427 confieta
909 414 921 434 ,
955 395 1016 422 aut
1044 396 1122 421 non
1155 383 1225 421 rite
1262 382 1448 431 descripta
1478 381 1550 421 esse
1581 379 1756 419 videntur
1786 379 1896 416 loco-

101 474 182 499 rum
215 459 382 498 nomina.

270 519 425 560 Valcum
451 516 588 557 Millib,
618 516 709 556 pass,
741 512 926 556 XXVIII.
962 509 1000 546 id
1023 508 1101 557 est,
1126 520 1249 558 prope
1281 507 1343 546 sex
1375 506 1511 546 nostris
1540 504 1763 544 milliaribus
1785 503 1896 541 distat

94 600 116 624 a
156 582 326 622 Silicenis.
362 584 450 620 Hoc
482 581 680 618 intervallo
715 575 856 616 tametfi
889 575 947 612 via
973 572 1158 610 ordinaria
1186 583 1252 621 per
1282 569 1546 619 Brezniczam,
1580 570 1620 608 &
1647 564 1782 606 Ikaros
1815 579 1895 604 non

94 646 333 699 perveniatur
373 645 487 693 usque
521 644 688 691 Canisam
727 653 772 679 ex
806 640 898 676 loco
927 637 1026 684 illo,
1061 646 1174 682 quem
1212 631 1374 671 Silicenis
1403 631 1684 681 adfignavimus
1718 630 1847 680 (Nam
1875 642 1896 666 a

56 747 61 751 ,
94 710 269 750 Babocsa
300 708 415 756 usque
446 706 630 743 Canisam
650 713 892 741 numerantur
925 710 960 746 7.
990 696 1197 745 milliaria)
1224 697 1393 747 suspicor
1418 709 1548 733 ramen
1575 692 1734 734 Valcum
1764 695 1802 730 in
1828 693 1894 731 situ

91 772 285 810 hodiernae
323 769 455 818 Caniste
497 763 852 819 (Nagy—Kanis'a)
885 761 1023 806 fuiss'e3
1057 761 1232 808 adeoque
1270 773 1290 796 a
1321 758 1511 808 Silicenis,
1545 771 1606 797 aut
1640 758 1738 796 forte
1766 754 1842 808 jam
1874 770 1895 793 a

97 834 253 885 Limusa
284 834 354 871 iter
379 832 564 869 Antonini
593 831 780 875 refflore,
813 838 856 862 ac
889 825 1062 863 breviore
1089 823 1250 871 quadam
1278 824 1363 871 via,
1397 835 1509 871 quam
1544 824 1587 860 fit
1617 821 1823 869 hodierna,
1845 819 1893 856 ad

96 895 255 935 Valcum
295 893 448 931 duxiffe.
482 894 627 931 Auc'tor
655 889 809 937 quidem
841 887 1125 938 Topographiae
1149 887 1274 935 Regni
1297 886 1498 933 Hungariae
1528 884 1698 934 Canisam
1726 896 1798 933 pro
1823 883 1894 920 Ca—

95 957 239 1008 roduno
269 957 401 1009 habet:
430 955 493 995 sed
521 957 597 991 hoc
625 951 696 989 esse
726 952 881 999 nequit3
909 950 1091 998 quoniam
1117 949 1343 987 Ptolemaeus
1369 944 1604 985 Car—odanam
1627 959 1749 996 prope
1772 946 1892 984 Murae

94 1023 134 1057 {n
164 1022 334 1058 Dravum
364 1018 553 1056 influentis
587 1015 753 1063 ostium,
780 1013 954 1062 adeoque
986 1013 1025 1049 in
1057 1013 1123 1050 situ
1157 1008 1367 1063 Legradini
1397 998 1587 1048 describit.

264 1079 494 1133 ‹Wogetiana
523 1080 622 1118 Mill.
645 1077 737 1117 Paff.
761 1079 889 1116 XXX.
923 1078 996 1115 five
1029 1075 1166 1112 nostris
1200 1086 1234 1111 ο.
1268 1072 1515 1120 milliaribus,
1537 1084 1581 1108 ac
1608 1070 1783 1108 nonnihil
1813 1082 1892 1106 arn-

93 1144 193 1194 piius
219 1157 240 1181 a
273 1142 394 1182 Valeo
422 1143 535 1183 abest.
571 1141 698 1181 Hodie
731 1154 750 1178 a
785 1141 940 1190 Canisc'z,
970 1139 1031 1177 cui
1071 1137 1228 1177 Valeum
1257 1137 1454 1174 tribuimus
1477 1165 1489 1185 ,
1522 1137 1655 1174 itinere
1689 1132 1892 1173 Vindobo-

88 1206 190 1243 nenfi
229 1205 393 1244 totidem
436 1206 610 1243 milliaria
648 1215 890 1243 numerantur
926 1204 1040 1251 usque
1077 1199 1323 1249 saladinum,
1360 1200 1466 1237 aliter
1501 1197 1617 1248 Szala
1642 1219 1654 1225 -
1680 1191 1891 1248 Egerszeglz

90 1269 242 1307 dietum.
272 1270 359 1307 Hoc
394 1269 510 1318 igitur
542 1267 727 1319 oppidum
760 1268 853 1304 mihi
885 1279 990 1305 vetus
1016 1264 1272 1316 ιἎοὲείίαηα,
1308 1263 1403 1311 five,
1431 1273 1470 1301 ut
1502 1263 1539 1298 in
1567 1261 1706 1298 Cusani
1731 1257 1891 1297 Schedis

87 1331 284 1379 scribitur,
320 1329 576 1382 Mogentiana
606 1331 670 1368 est.
714 1327 878 1381 Adjacet
908 1329 1026 1367 fluvio
1060 1326 1149 1365 Salae
1172 1355 1183 1376 ,
1223 1328 1289 1374 qui
1325 1329 1398 1364 huc
1438 1327 1477 1361 in
1508 1336 1633 1361 ortum
1665 1322 1781 1360 fertur
1804 1349 1816 1368 ,
1851 1321 1891 1359 ἂ

88 1395 340 1444 >praeterfluens
371 1394 530 1431 castrum
564 1392 751 1443 Szalava'r
778 1394 814 1430 in
845 1393 1067 1431 Balatonem
1098 1391 1222 1428 lacurn
1256 1391 1292 1429 se
1329 1390 1365 1427 se
1401 1388 1570 1428 effundit.
1601 1383 1892 1437 Mogentiamm

89 1459 128 1493 in
159 1458 462 1507 Municipiorum
496 1469 658 1496 nurnero
684 1455 790 1495 fuiffe
820 1458 976 1494 memini
1008 1468 1025 1493 a
1058 1468 1119 1491 me
1150 1455 1288 1492 iec‘tum
1319 1453 1358 1489 in
1391 1451 1557 1500 quodam
1587 1448 1710 1499 lapide
1740 1449 1889 1485 Panno-

90 1520 191 1555 nico.
221 1520 338 1565 Sunt,
363 1521 426 1567 qui
453 1520 644 1556 civitatem
674 1517 829 1566 Salam,
855 1531 874 1555 a
897 1519 1109 1557 Ptolemaeo
1134 1517 1171 1553 in
1197 1517 1392 1554 Pannonia
1417 1515 1620 1565 Superiore
1645 1511 1888 1560 descriptam,

97 1580 205 1617 isthic
232 1580 365 1618 stetisse
395 1581 539 1618 volunt.
573 1579 647 1618 Sed
682 1580 796 1616 aliurn
825 1578 915 1617 Sala
942 1581 1048 1617 fitum
1082 1592 1128 1616 ex
1157 1580 1232 1616 alio
1265 1580 1399 1615 itinere
1433 1577 1687 1615 ostendemus.

266 1642 549 1680 SABARIA
586 1642 726 1679 Millib.
752 1641 842 1679 Paff.
867 1640 1054 1680 XXXVI.
1084 1640 1124 1677 id
1147 1641 1226 1687 est,
1258 1639 1394 1676 nostris
1428 1648 1471 1687 75·
1500 1637 1723 1675 milliaribus
1753 1649 1772 1671 a
1795 1634 1891 1673 Mo-

90 1701 265 1754 gentiana
296 1704 492 1761 separatur.
527 1704 650 1741 Notat
684 1701 968 1755 Wqffelingius,
998 1704 1036 1739 in
1069 1702 1281 1741 Blandiano
1311 1702 1496 1740 Itinerarii
1527 1700 1790 1749 Manuscripto
1818 1697 1889 1735 effe

92 1777 235 1803 tantum
269 1767 325 1804 Μ.
350 1768 391 1804 P.
419 1765 588 1804 XXXII.
619 1779 700 1813 quae
732 1767 909 1815 proxime
936 1777 1083 1814 aequant
1114 1766 1238 1804 nostra
1274 1776 1308 1813 7.
1343 1764 1528 1801 milliaria.
1569 1765 1656 1800 Hoc
1684 1763 1888 1809 sincerius,

88 1829 288 1876 minusque
325 1839 546 1878 corruptum
577 1827 650 1866 ess'e
680 1827 839 1866 videtur.
883 1829 1012 1878 Nam,
1047 1829 1073 1866 fi
1105 1829 1278 1867 consulas
1312 1828 1507 1865 Summam
1548 1826 1664 1864 totius
1703 1825 1888 1862 intervalli

89 1903 110 1927 a
147 1888 279 1928 Sirmio
309 1902 376 1940 per
412 1888 623 1941 Sopianas,
652 1890 692 1930 &
721 1889 920 1929 Sabariam
953 1892 1068 1940 usque
1097 1891 1339 1931 Laureacum
1370 1892 1408 1928 in
1435 1890 1604 1941 praesenti
1629 1890 1762 1926 itinere
1798 1901 1889 1937 prae-

87 1953 228 2001 fixam,
261 1954 427 2004 reperies
463 1952 536 1991 esse
567 1954 624 1992 M.
645 1954 685 1992 P.
712 1953 1073 1994 CCCCXXXVII.
1105 1956 1159 1993 At
1192 1956 1218 1992 fi
1250 1955 1371 1994 valeat
1404 1965 1581 1991 numerus
1610 1950 1844 1999 XXXVIL,
1867 1963 1888 1987 a

89 2014 326 2067 Wqffelingio
360 2029 406 2054 ex
443 2015 583 2053 codice
613 2016 740 2066 Regio
771 2017 962 2066 Parifino,
999 2018 1039 2056 &
1073 2018 1332 2068 Neapolitano
1369 2015 1531 2055 Sabariae
1559 2014 1774 2065 adpositus,
1811 2010 1887 2062 jam

90 2077 282 2117 additione
318 2080 491 2117 omnium
526 2092 796 2128 numerorum,
837 2081 901 2128 qui
930 2082 1026 2119 inter
1060 2081 1272 2130 Sirmium,
1309 2081 1348 2120 &
1387 2080 1617 2117 Laureacum
1653 2088 1887 2123 occurrunt,

92 2153 259 2188 emerget
297 2139 420 2191 maior
459 2143 606 2181 summa
630 2168 643 2187 2
691 2143 871 2182 videlicet
901 2145 958 2182 M.
996 2146 1038 2183 P.
1076 2143 1345 2183 CCCCXLII.
1386 2144 1531 2181 Verum
1574 2141 1653 2179 esto
1708 2152 1885 2178 numerus

88 2201 386 2252 Veffelingianus
417 2206 621 2244 retineatur
644 2234 658 2255 ,
693 2208 746 2244 uti
780 2219 852 2245 nos
881 2219 1036 2256 quoque
1062 2207 1266 2245 retinemus
1288 2235 1301 2254 ,
1339 2218 1416 2243 non
1454 2204 1551 2241 adeo
1587 2214 1712 2240 tamen
1752 2214 1886 2250 magna

86 2263 143 2332 είῖὶ
171 2266 208 2301 in
247 2267 424 2305 mensuris
454 2268 689 2317 differentia,
724 2280 765 2307 ut
798 2281 999 2319 propterea
1030 2270 1091 2306 vel
1125 2268 1414 2323 Mogentianam
1443 2264 1649 2314 Saladino,
1676 2265 1736 2302 vel
1769 2262 1888 2302 Saba-

90 2340 186 2365 rzam
216 2338 371 2367 veterem
399 2331 618 2382 hodiernae,
647 2331 745 2370 Steitz
775 2345 835 2370 am
868 2331 992 2384 Anger
1025 2332 1157 2382 dietae,
1194 2334 1340 2383 eripere
1371 2341 1574 2382 oporteat3
1609 2341 1698 2367 cum
1729 2339 1786 2366 tot
1814 2328 1888 2365 alia

85 2388 181 2438 fint,
222 2404 303 2438 quae
333 2394 434 2430 hunc
467 2392 626 2433 Sabaria
654 2396 761 2434 fitum
792 2395 989 2433 manifesto
1021 2396 1275 2445 confirmant,
1309 2393 1386 2446 jam
1414 2392 1712 2445 praecedentibus
1743 2391 1888 2441 Capiti-

86 2450 155 2490 bus
190 2466 210 2490 a
239 2454 350 2492 nobis
379 2469 692 2496 commemorata.
729 2458 835 2510 Quid
858 2458 964 2507 quod
993 2460 1163 2507 alioquin
1186 2459 1329 2495 nullum
1357 2458 1470 2496 alium
1496 2459 1625 2496 locum
1649 2454 1741 2494 mihi
1764 2453 1887 2504 dabis,

128 2603 161 2643 τ)
187 2605 298 2639 ltiner.
319 2610 398 2640 Ant.
418 2616 451 2650 p.
476 2617 547 2652 232.

130 2657 159 2693 s]
182 2656 313 2691 Ibidem,
