2065 2927
137 96 186 132 20
758 84 993 127 LIBRI
1070 90 1319 131 PRIMI

136 195 170 228 5,
197 175 364 227 Capituli
390 171 626 213 Posonienfis
663 169 710 209 de
741 184 783 210 ea
811 187 850 223 re
885 175 979 211 mihi
1011 175 1210 216 affirmavit
1233 206 1246 227 ‚
1283 178 1323 213 in
1375 175 1511 225 quibus
1542 175 1733 229 Posbnium
1764 192 1784 217 a
1817 183 1946 221 vicino

137 268 168 290 7,
198 240 291 278 olim
324 239 406 274 lacu
434 237 632 275 teutonico
662 235 800 274 dicium
838 237 880 275 fit
911 235 1100 287 Peisburg.
1134 238 1243 278 Unde
1274 251 1354 276 non
1387 252 1542 290 apparet
1574 243 1697 292 ratio,
1733 256 1799 282 cur
1830 248 1946 285 Poso-

140 331 171 354 ‚,
200 305 303 341 nium
334 300 433 339 Helio
463 301 608 339 dicatur
633 302 825 339 Pisonium
852 331 881 351 ‚7
909 302 959 350 s).

312 367 551 416 Praecipuum
588 364 803 403 tenuiffimae
839 362 948 416 hujus
984 356 1212 411 conjesturae
1250 362 1538 405 fundamentum
1583 370 1624 405 in
1662 382 1709 408 eo
1748 371 1918 410 consistit

142 427 248 478 quod
276 429 374 466 inter
401 428 572 465 civitates
600 428 817 476 Bafinium,
847 427 887 466 &
915 428 952 465 S.
983 424 1199 472 Georgium
1229 424 1447 466 observetur
1474 430 1598 468 alveus
1629 432 1783 480 quidam
1813 434 1862 470 ab
1881 401 1949 471 uli,-

135 494 270 544 ginosa
298 492 434 544 palude
462 494 500 529 in
528 491 748 530 Danubium
778 490 936 535 du&us;
965 500 1045 527 tum
1074 486 1180 535 quod
1208 488 1335 536 aliqua
1360 494 1559 530 nominum
1587 492 1765 543 Peiftmis,
1786 492 1948 547 Peising,

143 559 182 598 &
209 556 351 608 Posbnii
380 557 586 596 fimilitudo
614 557 792 593 reluceat.
821 554 875 592 At
901 565 992 590 vero
1023 551 1140 591 etiam
1169 553 1231 589 alii
1260 552 1338 590 duo
1365 553 1492 604 lacus,
1532 558 1596 605 qui
1631 558 1687 594 cis
1722 557 1944 595 Danubium

141 623 251 671 sunt,
280 619 391 658 Ferte
418 632 584 669 nempe,
611 618 673 655 seu
701 617 804 652 lacus
833 613 1120 663 Nifiderienfis,
1151 614 1191 653 &
1219 613 1356 671 Βαῖαεο
1385 615 1523 654 habent
1550 619 1704 667 alveos,
1740 631 1806 669 per
1845 631 1943 666 quos

138 685 348 735 imperante
379 681 533 721 Galerio
567 694 670 729 aquae
698 681 735 716 in
762 677 984 716 Danubium
1014 677 1194 714 corrivari
1224 689 1410 727 poterant.
1439 681 1497 717 Ex
1514 678 1667 719 Fertone
1692 683 1800 719 enim
1829 683 1948 720 effluit

137 744 360 794 Rabnicza,
388 745 641 791 misceturque
670 741 852 780 Danubio
881 739 980 790 apud
1006 740 1210 782 Jaurinum.
1248 743 1307 779 Ex
1337 742 1394 780 Ba
1425 753 1515 781 atoe
1558 754 1681 781 autem
1720 744 1943 794 longiffimo

141 810 261 847 canali
289 820 415 846 manat
441 807 505 845 Sio
523 835 536 856 ‚
565 806 671 843 aliter
698 803 781 841 §ivo
815 803 936 840 amnis
959 830 972 851 ,
1000 802 1160 839 influens
1187 803 1225 839 in
1253 800 1481 853 Sarvizium,
1511 807 1575 854 qui
1604 818 1721 856 porro
1750 808 1787 844 in
1816 809 1948 846 Danu-

138 872 242 909 bium
270 884 392 922 prope
421 865 608 917 Barbam,
637 867 836 906 Tolnenfis
865 866 1075 916 provinciae
1104 865 1319 915 oppidum,
1347 866 1383 903 se
1410 867 1447 903 se
1475 879 1675 906 exonerat.
1705 868 1839 917 Itaque
1868 870 1948 918 spe—

137 937 236 974 stato
255 936 339 973 solo
361 936 522 984 idgenus
544 934 678 979 alveo,
708 943 785 967 non
814 929 893 978 est,
922 941 988 966 cur
1016 927 1268 966 Bafiniensem
1297 929 1450 977 potius,
1479 928 1601 977 squam
1630 931 1847 969 alterutrum
1877 934 1948 969 ho-

140 1011 250 1046 rum⁷
280 1009 377 1045 quos
406 995 528 1033 modo
559 994 751 1041 diximus,
789 992 913 1028 lacum
956 1004 1026 1041 pro
1054 988 1201 1040 Pelsbne
1226 990 1422 1038 Vi&oris,
1461 992 1521 1029 vel
1562 1005 1633 1041 pro
1662 991 1804 1042 Peg'sbne
1829 993 1944 1031 Plinii

136 1061 316 1110 accipias.
346 1059 421 1097 Sed
450 1057 624 1109 Peffng,
654 1057 851 1105 inquiunt,
882 1057 922 1095 ὅ(
949 1051 1128 1103 Peisburg
1156 1065 1174 1088 a
1202 1051 1337 1090 diffuso
1366 1053 1463 1089 inter
1490 1054 1707 1103 Bafinium,
1750 1055 1790 1093 &
1830 1055 1947 1093 Poso-

137 1125 243 1161 nium
272 1124 355 1160 lacu
383 1120 528 1171 Peifone
554 1131 698 1158 nomen
728 1116 916 1168 sumpsisse
942 1115 1104 1154 videtur.
1133 1114 1263 1153 Immo
1291 1127 1384 1153 vero
1414 1114 1454 1153 ὅ(
1481 1113 1654 1168 Ρεξθῖηὲ,
1693 1115 1733 1154 ὃ(
1770 1114 1947 1167 Peisburg

137 1200 217 1224 non
252 1185 402 1224 aliunde
423 1213 436 1232 ‚
477 1198 590 1232 quam
627 1198 647 1222 e
682 1183 817 1221 vitiosa
859 1180 1067 1230 scriptione
1107 1189 1232 1216 ortum
1261 1178 1384 1216 fuerit.
1427 1178 1542 1217 Certe
1579 1179 1767 1217 B'afinium
1796 1178 1946 1231 Peg'fflng

137 1249 251 1288 scribi
279 1249 342 1287 vix
371 1247 460 1284 alibi
478 1277 491 1297 ⁷
532 1260 645 1295 quam
687 1245 784 1297 apud
812 1245 1022 1283 Austorem
1051 1242 1339 1291 Topographiae
1366 1243 1491 1289 Regni
1521 1244 1720 1290 Hungariae
1747 1245 1941 1281 invenies:

142 1313 331 1351 consuetae
366 1313 468 1348 enim
505 1308 615 1361 hujus
644 1309 831 1347 urbeculae
859 1305 1161 1357 adpellationes7
1191 1303 1279 1341 teste
1306 1303 1451 1340 Mathia
1480 1301 1602 1351 Baio,
1631 1303 1714 1339 sunt
1740 1302 1941 1350 sequentes

138 1389 307 1415 tantum:
339 1405 368 1425 „
388 1374 594 1426 Bazingam
621 1369 855 1424 promiscue:
886 1368 1095 1417 diplomata
1123 1376 1248 1403 vetera
1277 1364 1394 1412 Bozin
1413 1394 1425 1414 ‚
1457 1365 1497 1404 &
1524 1367 1791 1415 Hungarorum
1820 1365 1939 1404 imita-

136 1470 168 1491 „
195 1442 300 1478 tione
331 1437 540 1487 Bazirn'um:
571 1434 771 1474 Germanis
801 1429 935 1481 Bbfing
961 1428 1121 1477 dicitur,
1152 1429 1271 1466 Slavis
1299 1426 1444 1476 ΡςίίηεῘε
1464 1456 1492 1477 ,,
1522 1428 1556 1475 τ)
1585 1430 1756 1476 Verum,
1785 1427 1933 1474 inquis,

137 1504 177 1539 in
205 1502 362 1539 archivo
392 1499 558 1549 Capituli
585 1496 850 1544 Posomienfis,
880 1493 970 1532 teste
997 1489 1198 1543 Szegea‘i0,
1229 1491 1343 1528 exstat
1372 1490 1658 1528 instrumentum
1687 1491 1858 1539 literale,
1896 1491 1937 1526 in

137 1579 215 1613 quo
244 1562 431 1612 Posbnium
458 1574 614 1599 vocatur
640 1560 826 1609 Peisburg.
855 1556 974 1595 Esto:
1003 1552 1066 1592 sed
1094 1564 1203 1602 aetas,
1232 1552 1353 1600 fides,
1381 1552 1576 1591 adcuratio
1607 1555 1839 1593 instrumenti
1870 1565 1938 1589 cur

139 1629 286 1665 siletur?
317 1624 422 1674 Quid
451 1624 599 1661 facilius
627 1635 744 1668 vero,
773 1632 885 1665 quam
914 1628 954 1652 ut
981 1616 1135 1664 praecise
1162 1616 1357 1651 scribentis
1385 1615 1625 1651 festinatione
1655 1614 1831 1665 Peisburg
1869 1627 1940 1663 pro

141 1687 326 1737 Presburg
354 1685 564 1733 irrepserit?
594 1684 763 1720 Demum
795 1677 900 1726 quod
929 1675 1102 1724 additur,
1131 1672 1318 1712 Aurelium
1350 1672 1531 1713 Vic‘Jorem
1568 1677 1656 1712 huic
1685 1676 1862 1724 opinioni
1892 1675 1943 1712 fa-

134 1763 248 1794 vereg
277 1749 315 1785 id
345 1748 494 1798 prorsus
522 1759 541 1781 a
568 1757 659 1782 vero
687 1742 876 1779 abhorret.
905 1734 1075 1774 Aurelius
1100 1737 1202 1773 enim
1221 1734 1349 1775 Vicvor
1377 1737 1609 1774 disertissime
1638 1737 1789 1787 prodit,
1815 1738 1938 1775 lacum
1993 1778 1995 1780 ¹
2023 1738 2033 1754 '·

139 1812 344 1862 Pelsbnem,
375 1812 438 1859 qui
467 1809 512 1845 ab
543 1804 696 1845 Galerio
725 1805 763 1841 in
790 1801 1009 1841 Danubium
1045 1796 1195 1834 emiffus
1225 1809 1330 1848 erat⁷
1368 1797 1467 1848 apud
1498 1796 1702 1837 Pannonios
1729 1799 1858 1849 fuisse,
1902 1801 1942 1839 ἃ

138 1877 293 1926 quidem
322 1877 361 1912 in
390 1887 431 1911 ea
461 1868 646 1910 Pannoniae
673 1865 899 1918 provincia⁷
929 1874 1008 1910 quae
1037 1859 1176 1897 dehinc
1208 1859 1360 1899 Valeriae
1387 1873 1529 1897 nomen
1558 1860 1732 1898 obtinuit.
1772 1860 1942 1898 Certiss-

138 1951 242 1977 mum
271 1950 363 1974 vero
392 1935 466 1984 est,
498 1930 641 1971 Galerii
668 1931 852 1976 Caesari57
882 1928 921 1966 ὅ(
950 1921 1090 1963 Aurelii
1120 1922 1279 1961 Vic70ris
1307 1934 1410 1961 aetate
1438 1925 1653 1974 provincias
1683 1936 1782 1961 trans
1807 1926 1939 1962 Danu-

143 2004 246 2040 bium
274 2002 412 2052 pofitas
430 2028 442 2047 ‚
473 1994 689 2046 cujusmodi
718 1993 769 2030 est
799 1990 996 2043 provincia
1022 1987 1262 2026 Posonienfis
1285 2015 1296 2035 7
1337 1998 1439 2024 extra
1467 1987 1698 2024 Pannoniam
1727 1985 1843 2022 fuiss'e⁴
1881 1986 1941 2022 Li-

141 2078 220 2104 mes
263 2065 404 2113 quippe
438 2059 718 2099 Pannoniarum
759 2067 804 2092 ex
840 2055 910 2090 hac
948 2060 1051 2100 parte
1081 2050 1280 2087 Danubius
1320 2061 1406 2087 erat.
1445 2051 1687 2098 Quapropter
1721 2050 1942 2087 Pannonica

141 2141 293 2175 quoque
321 2122 509 2176 Bojorum
538 2121 719 2166 Deserta,
749 2118 786 2153 in
816 2114 950 2163 quibus
980 2113 1081 2149 lacus
1113 2110 1215 2158 Peis'o
1243 2123 1347 2161 erat,
1390 2111 1534 2161 porrigi
1562 2122 1660 2148 trans
1690 2110 1908 2148 Danubium
1926 2139 1939 2159 ‚

140 2192 180 2229 ἃ
215 2204 280 2240 per
307 2185 576 2227 Posoniensem
605 2181 840 2233 provinciam
877 2174 1035 2213 diffundi
1073 2188 1309 2223 nequaquam
1337 2183 1521 2223 poterant.
1562 2169 1627 2208 Ad
1643 2170 1932 2223 ftptentriones,

143 2253 265 2298 inquit
291 2250 459 2297 Plinius7
488 2244 607 2298 vergit
636 2240 824 2281 Pannonia
844 2270 856 2290 7
880 2237 1015 2288 finitur
1041 2235 1124 2275 inde
1151 2236 1324 2275 Danubio
1352 2234 1406 2284 u).
1446 2235 1575 2281 Atque
1608 2236 1687 2269 haec
1716 2234 1825 2279 sunt⁷
1862 2244 1943 2279 quae

145 2317 192 2353 <le
221 2314 406 2365 Boiorum
436 2311 629 2357 Desertis,
671 2308 709 2344 in
739 2305 872 2354 quibus
902 2303 1019 2353 pofita
1047 2303 1117 2339 luit
1143 2299 1336 2347 Sabaria,
1378 2310 1487 2346 atque
1528 2297 1574 2333 sle
1610 2297 1692 2332 lacu
1728 2293 1870 2342 Peisone
1905 2295 1943 2329 in

142 2378 277 2415 iisdem
301 2404 313 2423 ,
355 2374 561 2422 disceptare
601 2370 719 2407 visum
747 2368 828 2405 fuit.
869 2367 1081 2413 Sequuntur
1115 2362 1454 2401 animadversiones
1501 2360 1644 2396 criticae
1682 2358 1717 2392 in
1748 2353 1943 2392 Savariam

142 2440 336 2479 Ptolemaei
354 2467 366 2486 ‚
396 2438 434 2476 ἃ
462 2434 656 2473 sabariam
685 2432 954 2470 nonnullorum
983 2429 1099 2467 medii
1128 2429 1195 2466 aevi
1226 2428 1479 2476 Scriptorum.

186 2550 217 2577 ,εἳ
242 2544 362 2578 Annal.
386 2548 454 2574 vet.
479 2543 628 2574 Hunnor.
655 2550 686 2580 p.
715 2544 782 2579 178.
807 2539 837 2569 in
860 2543 930 2568 not.

186 2611 196 2629 r
235 2598 304 2629 Bel.
331 2600 371 2629 T.
397 2598 435 2627 11.
460 2594 563 2627 Notit.
585 2595 684 2633 Hung¹
720 2596 821 2623 Novae
844 2600 874 2631 p⁴
903 2598 965 2629 {14-

186 2655 220 2692 ει)
263 2650 340 2682 nist.
366 2656 428 2680 nat.
455 2647 511 2679 ist»
537 2656 564 2690 3.
590 2656 649 2687 oap
687 2654 733 2685 εξ.

2043 2330 2046 2334 -
2040 2275 2049 2311 33⁴*
2040 2258 2049 2265 x
2039 2146 2049 2248 οισι-...ν
