2065 2927
146 120 221 167 ,33
703 108 944 148 LIBRI
1014 107 1391 150 sExT1M1

150 205 200 243 Et
227 215 319 242 vero
348 203 485 240 mirum
517 197 595 245 est,
625 197 721 233 inter
748 195 851 244 ipsos
877 194 1120 245 Biographos
1150 192 1355 235 chartuisio
1383 195 1602 233 vetustiores
1630 198 1821 235 neminem
1850 196 1937 249 effe,

151 269 215 314 qui
245 266 418 303 disertam
448 262 589 299 faceret
626 258 860 295 mentionem
906 257 1114 307 baptismi,
1148 271 1215 308 per
1247 257 1495 297 Adalbertum
1527 257 1564 296 S.
1598 257 1784 310 Stephano
1819 262 1939 299 Geisae

152 330 237 368 filio
268 327 407 365 collati.
437 324 479 362 In
513 321 706 360 Thesauro
742 322 1082 358 Monumentorum
1119 318 1495 370 Ecclesiasticorum,
1527 323 1600 358 five
1626 323 1665 358 in
1701 323 1941 360 Lectionibus

152 391 314 438 antiquis
342 384 492 425 Henrici
520 382 652 432 Canisti
682 384 814 421 Tomo
837 382 905 420 ΙΙΙ.
940 394 1073 432 praeter
1101 381 1354 430 fragmentum
1387 384 1492 433 supra
1521 385 1710 422 laudatum
1746 397 1791 422 ex
1814 385 1940 422 Chro-

149 455 239 491 nico
269 448 445 488 Ademari
465 476 478 497 ,
513 458 641 485 extant
672 446 741 484 tria
775 446 847 483 alia
884 445 1006 482 saeculi
1038 445 1088 483 X.
1117 443 1347 481 documenta
1380 445 1426 484 de
1456 448 1492 485 S.
1528 445 1734 486 Adalberto
1767 449 1943 497 Pragenst

147 513 335 556 Antistite.
358 513 527 550 Primum
552 511 688 547 horum
710 509 882 547 continet
904 505 1072 559 ejusdem
1099 508 1237 554 vitam,
1262 507 1302 545 &
1330 507 1532 556 pastionem
1563 510 1608 547 ab
1632 510 1782 547 au&ore
1805 522 1938 547 coaevo

151 576 433 624 conscriptam«,
463 574 500 609 in
527 585 598 620 qua
629 571 723 608 nihil
753 571 936 620 omnino,
970 568 1076 618 quod
1105 569 1165 607 vel
1196 568 1242 605 ad
1268 571 1496 619 Hungariam
1521 574 1728 621 pertineat,
1764 573 1939 621 reperies.

147 636 326 676 Secundo
357 636 449 673 loco
480 634 703 673 exhibentur
735 634 945 682 fragmenta
978 644 1023 670 ex
1054 633 1125 669 alia
1157 632 1381 682 biographia
1418 634 1454 671 S.
1485 628 1705 684 Adalherti,
1736 635 1823 683 ubi,
1861 647 1941 682 quae

147 701 193 738 ad
219 711 299 738 rem
324 698 541 749 praesentem
568 698 758 747 spestent,
792 696 872 733 haec
901 695 1147 733 solummodo
1177 695 1374 744 leguntur:
1407 721 1432 740 „
1456 696 1548 733 Non
1577 697 1799 746 tacendum,
1834 698 1938 745 quod

145 790 172 809 ,‚
200 761 302 814 juxta
331 762 461 813 positis
490 761 653 810 Ungaris
685 770 782 797 nunc
814 761 976 796 nuncios
1007 759 1094 797 suos
1125 759 1248 806 milit,
1287 770 1384 796 nunc
1421 759 1580 808 seipsum
1611 757 1768 809 obtulit,
1804 760 1939 809 quibus

144 852 170 872 ‚,
198 827 311 864 etiam
341 823 387 861 ab
414 835 540 862 errore
576 822 642 861 suo
674 834 803 873 parum
840 822 990 859 mutatis
1019 819 1190 858 umbram
1224 820 1514 858 Christianitatis
1546 820 1726 871 impreffit
1746 848 1771 866 „
1802 819 1855 871 lz).
1891 824 1940 860 Et

145 888 260 926 infra:
293 912 319 932 ‚,
341 886 495 925 Miserat
523 887 581 923 his
613 885 744 923 diebus
778 885 824 921 ad
851 885 1088 932 Ungarorum
1129 884 1329 921 Seniorem
1368 896 1546 933 magnum
1566 912 1577 931 ,
1614 884 1736 921 immo
1766 885 1811 920 ad
1844 898 1936 922 uxo·

147 977 173 996 ‚,
201 962 282 988 rem
312 951 441 997 suam,
476 961 557 997 quae
586 960 708 986 totum
743 957 900 996 regnum
934 947 1002 983 viri
1038 958 1148 983 manu
1181 947 1323 996 tenuit,
1352 947 1389 985 ὅ(
1415 960 1495 994 qua>
1525 958 1627 983 erant
1656 947 1750 993 viri,
1777 947 1853 995 ipsa
1885 961 1938 984 re-

143 1040 170 1059 „
197 1011 336 1063 gebat,
364 1025 436 1060 qua
459 1011 556 1048 duce
584 1022 662 1048 erat
691 1009 938 1046 christianitas
972 1021 1124 1059 coepta:
1160 1010 1223 1047 sed
1254 1009 1577 1047 intermiscebatur
1603 1022 1688 1045 cum
1717 1009 1936 1058 paganismo

145 1102 171 1122 ,‚
201 1076 347 1126 polluta
375 1073 559 1123 Religio,
594 1073 633 1111 &
668 1072 786 1121 coepit
820 1071 892 1110 effe
923 1071 1089 1109 deterior
1116 1072 1344 1110 barbarismo
1373 1071 1570 1120 languidus
1595 1084 1638 1108 ac
1665 1071 1812 1121 tepidus
1841 1072 1939 1108 chri·

142 1165 168 1184 ‚,
197 1139 427 1182 stianismu53
461 1136 507 1174 ad
539 1147 650 1184 quam
683 1145 771 1172 tunc
800 1135 1088 1184 pervenientes,
1127 1134 1233 1171 illinc
1265 1137 1424 1171 nuncios
1454 1135 1493 1170 in
1524 1135 1604 1170 haec
1641 1133 1753 1170 verba
1788 1133 1935 1183 Episto-

140 1227 167 1246 ‚,
197 1203 270 1238 Iam
295 1201 407 1238 mifit.
432 1201 608 1249 Papatem
635 1208 785 1246 meum,
811 1197 836 1233 fi
863 1197 1079 1246 neceffitas,
1104 1198 1143 1236 &
1166 1198 1250 1234 usus
1273 1196 1458 1247 postulat,
1484 1206 1588 1233 tene:
1612 1196 1636 1231 fi
1663 1207 1763 1245 non⁷
1783 1194 1940 1245 prop'ter

145 1289 171 1308 „
201 1265 327 1300 Deum
355 1261 402 1299 ad
435 1274 496 1299 me
528 1260 635 1298 mitte
667 1271 752 1297 eum
775 1283 801 1303 ‚‚
831 1256 882 1308 i).
919 1260 1082 1307 Viden’,
1122 1260 1217 1297 nihil
1250 1261 1360 1297 isthic
1388 1258 1459 1297 effe
1494 1258 1540 1295 de
1572 1257 1757 1308 baptismo
1789 1259 1826 1295 S.
1859 1257 1939 1296 Ste-

137 1321 282 1377 phani,
316 1323 378 1362 sed
410 1335 451 1361 ea
483 1319 728 1360 solummodo
763 1321 927 1368 narrari,
961 1334 980 1358 e
1008 1321 1142 1370 quibus
1177 1333 1319 1360 certum
1354 1319 1425 1359 effe
1457 1320 1594 1371 poffir,
1626 1322 1662 1358 S.
1694 1317 1936 1358 Adalhertum

142 1396 221 1423 tum
249 1398 315 1436 per
350 1385 407 1435 se,
439 1396 516 1423 tum
544 1397 611 1435 per
634 1383 728 1420 alios
756 1381 999 1420 collaboraffe
1032 1386 1069 1420 in
1097 1385 1283 1433 Hungaris
1314 1384 1447 1433 partim
1479 1382 1768 1429 convertendis,
1798 1383 1934 1432 partim

142 1460 234 1487 vero
267 1450 304 1485 in
336 1448 412 1486 fide
437 1448 635 1485 christiana
657 1445 940 1482 confirmandis.
977 1446 1157 1483 Similiter
1182 1447 1219 1482 in
1249 1447 1435 1482 chronico
1460 1443 1796 1492 Magdeburgenfi,
1829 1441 1935 1492 cujus

141 1510 397 1560 fragmentum
429 1510 572 1547 ibidem
601 1510 711 1546 tertio
737 1507 827 1546 loco
854 1509 1105 1557 proponitur3
1131 1509 1338 1556 generatim
1363 1507 1579 1553 dumtaxat,
1603 1506 1641 1543 ὅ(
1665 1506 1816 1553 quidem
1842 1518 1936 1543 non·

144 1574 212 1611 nisi
243 1574 287 1610 ad
315 1587 451 1610 annum
473 1576 559 1621 996.
598 1572 815 1608 adnotatum
848 1572 1040 1620 reperies,
1078 1570 1115 1608 S.
1156 1567 1398 1606 Adalbertum
1430 1569 1467 1605 in
1504 1567 1758 1604 convertenda
1790 1569 1936 1605 Panno—

142 1638 202 1673 nia
236 1637 342 1673 fimul
368 1664 380 1682 ,
415 1636 454 1674 ὅ(
493 1636 653 1674 Polonia
688 1632 879 1670 laboraffe.
918 1632 1042 1671 Verba
1078 1632 1263 1669 Chronici
1294 1632 1400 1668 sunt:
1445 1628 1606 1680 Signifer
1641 1625 1772 1675 Christi
1812 1627 1943 1679 Praesul

143 1696 369 1735 Arsai-bertus
402 1694 542 1735 retibus
557 1694 656 1743 fidei
683 1694 778 1745 cepit
802 1693 1024 1731 Pannoniam
1045 1692 1172 1741 simul,
1206 1690 1237 1731 ὃ)
1274 1691 1461 1730 Poloniam
1486 1689 1541 1739 k).
1574 1691 1727 1738 Itaque,
1763 1704 1934 1739 quaecun-

143 1774 216 1809 que
249 1760 504 1808 antiquiorum
536 1754 743 1796 chartuitio
775 1757 1011 1807 Scriptorum
1046 1756 1259 1807 testimonia
1289 1756 1499 1806 speetemur
1521 1779 1533 1799 ,
1572 1755 1652 1790 haec
1684 1753 1798 1792 facile
1843 1767 1931 1791 cum

109 1841 117 1844 -
142 1821 321 1860 Aleniari
348 1823 560 1860 narratione
590 1821 786 1859 conciliari
821 1817 996 1869 pellunt,
1027 1819 1053 1855 fi
1081 1830 1217 1869 nempe
1250 1817 1472 1868 baptismum
1504 1828 1523 1852 a
1546 1817 1582 1854 S.
1610 1815 1798 1863 Brunone,
1827 1817 1933 1853 Con—

145 1886 370 1923 firmationis
407 1895 531 1922 autem
565 1884 816 1920 charaoerem
851 1895 870 1918 a
905 1882 942 1919 S.
968 1879 1174 1921 Adalberto
1203 1882 1382 1920 collatum
1416 1877 1521 1916 fuisse
1549 1880 1585 1916 S.
1611 1873 1795 1927 Stephano
1826 1878 1935 1916 intel-

142 1948 244 1996 ligas
275 1948 422 1986 Erravit
453 1958 576 1985 tamen
611 1943 839 1991 Ademarus,
876 1945 1096 1994 memoriae,
1132 1945 1183 1982 uri
1217 1957 1329 1988 reor,
1359 1942 1488 1991 lapsu,
1524 1939 1626 1989 quod
1666 1941 1702 1977 S.
1734 1939 1935 1978 Brunonem

143 2010 350 2064 Martyrem
383 2010 650 2048 existimaverit
678 2006 754 2058 jam
783 2006 847 2043 sub
871 2005 1103 2056 Imperatore
1125 2008 1262 2044 Orione
1282 2005 1353 2042 III.
1381 2005 1518 2042 fastum
1548 2002 1651 2040 fuiffe
1681 2004 1932 2052 Episcopum,

144 2073 182 2110 ὅ(
215 2071 368 2119 quidem
404 2070 696 2122 Osburgensem,
732 2070 802 2117 seu
823 2070 1110 2118 Augustanum,
1141 2067 1308 2107 Odolrici
1336 2066 1614 2105 antecessorem.
1663 2066 1718 2102 Ex
1760 2059 1933 2102 Ditmizro

145 2132 244 2170 enim
275 2133 574 2183 Merseburgenfi
604 2131 831 2181 EpiscopO,
867 2130 975 2182 hujus
1012 2132 1189 2170 Brunonis
1216 2128 1521 2179 contemporali,
1559 2128 1595 2165 ὅ(
1626 2126 1930 2164 conscholastico

144 2196 312 2245 c‹n1'at,
338 2195 458 2248 issum
487 2208 565 2232 non
598 2194 725 2245 priuS,
758 2206 871 2241 quam
897 2195 982 2244 post
1004 2194 1150 2232 Ottonis
1177 2194 1323 2231 obitum
1349 2194 1555 2241 imperante
1583 2187 1742 2227 Henrico
1762 2188 1811 2225 II.
1842 2202 1930 2226 cum

144 2258 180 2293 se
209 2259 244 2294 se
277 2259 442 2297 Pruslico
472 2259 593 2297 itineri
631 2257 882 2305 accingeret,
919 2258 958 2294 in
991 2257 1143 2295 civitate
1171 2254 1391 2302 Merseburg
1420 2266 1440 2290 a
1480 2251 1666 2304 Tagmone
1699 2251 1927 2300 Magdebur-

146 2321 249 2366 gensi
283 2320 587 2371 Archiepiscopo
617 2320 942 2357 consecrationem
977 2319 1232 2369 episcopalem
1257 2347 1269 2366 ,
1303 2317 1531 2367 palliumque
1560 2314 1926 2363 Archiepiscopale,

147 2381 212 2420 fibi
245 2397 263 2420 a
286 2385 472 2422 Pontifice
502 2387 679 2423 Romano
705 2381 851 2420 missum
870 2412 882 2429 ,
914 2382 1108 2433 suscepisse
1142 2380 1190 2429 l).
1218 2382 1270 2419 At
1294 2391 1385 2417 vero
1420 2378 1517 2427 apud
1551 2376 1759 2414 Ditmarum
1800 2376 1925 2422 nulla,

190 2487 222 2526 h]
246 2488 346 2518 Hent.
371 2485 486 2517 Canifii
508 2488 624 2526 antsqu.
651 2487 724 2518 lec‘t¹
748 2489 785 2518 T.
810 2488 868 2518 111.
894 2495 924 2528 p.
952 2490 1001 2519 6³.

191 2538 227 2570 [Ὗ
252 2539 320 2569 Π)Ῐό
355 2547 387 2579 p.
411 2541 460 2579 63.

190 2590 223 2630 i)
249 2590 332 2623 thid.
356 2600 387 2631 p.
414 2592 463 2630 65.

188 2643 216 2683 A]
240 2643 362 2675 Clitor.
387 2642 458 2675 Lib.
484 2646 537 2675 Vt.
563 2652 596 2685 ζ
622 2653 663 2678 nu.
686 2646 735 2680 82.
